@Book{folk1992file,
  author    = {Folk, M.J. and Zoellick, B.},
  publisher = {Addison-Wesley Publishing Company, Inc.},
  title     = {File structures},
  year      = {1992},
  address   = {USA},
}

@Book{haykin2009neural,
  author    = {Haykin, Simon S and Haykin, Simon S and Haykin, Simon S and Haykin, Simon S},
  publisher = {Pearson Upper Saddle River},
  title     = {Neural networks and learning machines},
  year      = {2009},
  address   = {Upper Saddle River},
  edition   = {3},
  isbn      = {978-0-13-147139-9},
  volume    = {3},
  file      = {Attachment:/home/jander/Zotero/storage/JD9TVMT9/haykin2009neural-neural_networks_and_learning_machines.pdf:application/pdf},
}

@Book{ghosh2007distributed,
  author    = {Ghosh, Sukumar},
  publisher = {Chapman \& Hall/CRC},
  title     = {Distributed systems: an algorithmic approach},
  year      = {2007},
}

@Book{agarwal2005foundations,
  author    = {Agarwal, A. and Lang, J. H.},
  publisher = {Elsevier},
  title     = {Foundations of {Analog} and {Digital} {Electronic} {Circuits}},
  year      = {2005},
  address   = {Amsterdam},
}

@Book{aguirre2007enciclopedia,
  author    = {Aguirre, L. A.},
  publisher = {Blucher},
  title     = {Enciclopédia de {Automática}: {Controle} e {Automação}},
  year      = {2007},
  address   = {São Paulo},
  isbn      = {85-212-0408-4},
  volume    = {1},
}

@Book{aguirre2003introducao,
  author    = {Aguirre, L.A.},
  publisher = {Editora UFMG},
  title     = {Introdução à {Identificação} de {Sistemas}},
  year      = {2003},
  annote    = {(disponível na BCo)},
}

@Book{alexander2009fundamentals,
  author    = {Alexander, C. K. and Sadiku, M. N. O.},
  publisher = {McGraw-Hill},
  title     = {Fundamentals of electric circuits},
  year      = {2009},
  address   = {Boston},
  edition   = {4. ed.},
}

@Book{aho2007compiladores,
  author    = {Aho, Alfred V. and {others}},
  publisher = {Pearson Addison-Wesley},
  title     = {Compiladores: princípios técnicas e ferramentas},
  year      = {2007},
  address   = {São Paulo},
  edition   = {2. ed.},
  isbn      = {978-85-88639-24-9},
}

@Book{alpaydin2004introduction,
  author    = {Alpaydin, E.},
  publisher = {MIT Press},
  title     = {Introduction to machine learning},
  year      = {2004},
  address   = {Cambridge},
  isbn      = {0-262-01211-1},
  series    = {Adaptive {Computation} and {Machine} {Learning}},
}

@Book{amaral2013analise,
  author    = {Amaral, A. M. R.},
  publisher = {Publindaústria, Edições Técnicas},
  title     = {Análise de circuitos e dispositivos eletrônicos},
  year      = {2013},
  address   = {Porto},
}

@Book{amaral2016introducao,
  author  = {Amaral, F.},
  title   = {Introdução à {Ciência} de {Dados}: {Mineração} de {Dados} e {Big} {Data}},
  year    = {2016},
  edition = {1. ed.},
  isbn    = {85-7608-934-3},
}

@Book{andrade2004introducao,
  author    = {Andrade, E.L.},
  publisher = {LTC},
  title     = {Introdução à {Pesquisa} {Operacional}: {Métodos} e {Modelos} para {Análise} de {Decisões}},
  year      = {2004},
  address   = {Rio de Janeiro},
  edition   = {3. ed.},
  isbn      = {85-216-1412-8},
}

@Book{andrade2010conexoes,
  author    = {Andrade, R. F. de},
  publisher = {Gente},
  title     = {Conexões empreendedoras: entenda por que você precisa usar as redes sociais para se destacar no mercado e alcançar resultados},
  year      = {2010},
  address   = {São Paulo},
  isbn      = {978-85-7312-701-0},
}

@Book{angel2014interactive,
  author    = {Angel, E. and Shreiner, D.},
  publisher = {Pearson},
  title     = {Interactive {Computer} {Graphics}: {A} {Top}-{Down} {Approach} {With} {WebGL}},
  year      = {2014},
  edition   = {7. ed.},
}

@Book{anton2008algebra,
  author    = {Anton, H. and Busby, R. C.},
  publisher = {Bookman},
  title     = {Álgebra linear contemporânea},
  year      = {2008},
  address   = {Porto Alegre, RS},
}

@Book{anton2014calculo,
  author    = {Anton, H.},
  publisher = {Bookman},
  title     = {Cálculo},
  year      = {2014},
  address   = {Porto Alegre, RS},
  edition   = {10. ed},
  volume    = {1},
}

@Book{anton2000calculo,
  author    = {Anton, H.},
  publisher = {Bookman},
  title     = {Cálculo},
  year      = {2000},
  address   = {Porto Alegre},
  edition   = {6. ed.},
  volume    = {2},
}

@Book{antonopoulos2010cloud,
  author    = {Antonopoulos, N. and Gilliam, L.},
  publisher = {Springer},
  title     = {Cloud computing: principles, systems and applications},
  year      = {2010},
  address   = {New York},
}

@Book{arenales2007pesquisa,
  author    = {Arenales, M. N and Armentano, V. A and Morabito, R. and Yanasse, H.},
  publisher = {Elsevier},
  title     = {Pesquisa {Operacional}},
  year      = {2007},
  address   = {Rio de Janeiro},
  isbn      = {85-352-1454-3},
}

@Book{arenales2007calculo,
  author    = {Arenales, S. and Darezzo, A.},
  publisher = {Editora Thomson},
  title     = {Cálculo {Numérico}: {Aprendizagem} com apoio de software},
  year      = {2007},
}

@Book{arkin1998behavior,
  author    = {Arkin, R. C.},
  publisher = {The MIT Press},
  title     = {Behavior-based robotics},
  year      = {1998},
  address   = {Cambridge},
  isbn      = {978-0-262-01165-5},
  series    = {Intelligent {Robots} and {Autonomous} {Agents}},
}

@Book{arnold1999verilog,
  author    = {Arnold, M. G.},
  publisher = {Prentice Hall PTR},
  title     = {Verilog digital computer design: {Algorithms} into hardware},
  year      = {1999},
  address   = {Upper Saddle River},
  isbn      = {0-13-639253-9},
}

@Book{astrom1989adaptive,
  author    = {Astrom, K. J. and Wittenmark, B.},
  publisher = {Addison-Wesley},
  title     = {Adaptive control},
  year      = {1989},
  address   = {Reading},
  series    = {Addison-{Wesley} {Series} in {Electrical} and {Computer} {Engineering} {Control} {Engineering}},
}

@Book{azevedo2003computacao,
  author    = {Azevedo, E. and Conci, A.},
  publisher = {Elsevier},
  title     = {Computação {Gráfica}. {Geração} de {Imagem} - {Volume} 1- {Teoria} e {Prática}},
  year      = {2003},
}

@Book{balabanian2000digital,
  author    = {Balabanian, N. and Carlson, B.},
  publisher = {Wiley},
  title     = {Digital {Logic} {Design} {Principles}},
  year      = {2000},
  address   = {New York},
  edition   = {1. ed.},
}

@Book{baldin2011geometria,
  author    = {Baldin, Y. Y. and Furuya, Y. K. S.},
  publisher = {EDUFSCar},
  title     = {Geometria analítica para todos e atividades com {Octave} e {GeoGebra}},
  year      = {2011},
  address   = {São Carlos},
}

@Book{ball2004analog,
  author    = {Ball, S.R.},
  publisher = {Newnes},
  title     = {Analog {Interfacing} to {Embedded} {Microprocessor} {Systems}},
  year      = {2004},
  address   = {Boston},
  edition   = {2nd ed.},
  isbn      = {978-0-7506-7723-3},
  series    = {Embedded {Technology} {Series}},
}

@Book{ballard1982computer,
  author    = {Ballard, D. and Brown, C.},
  publisher = {Prentice Hall},
  title     = {Computer {Vision}},
  year      = {1982},
}

@Book{barbosa2010interacao,
  author    = {Barbosa, S. D. J. and Silva, B. S. da},
  publisher = {Elsevier},
  title     = {Interação humano-computador},
  year      = {2010},
  address   = {Rio de Janeiro},
  isbn      = {978-85-352-3418-3},
}

@Book{barros2007fundamentos,
  author    = {Barros, A. J. da S. and Lehfeld, N. A. de S.},
  publisher = {Pearson Prentice Hall},
  title     = {Fundamentos de metodologia científica},
  year      = {2007},
  address   = {São Paulo},
  edition   = {3. ed.},
  isbn      = {978-85-7605-156-5},
}

@Book{barroso1987calculo,
  author    = {Barroso, C. L. and {others}},
  publisher = {Harbra},
  title     = {Cálculo {Numérico} com {Aplicações}},
  year      = {1987},
}

@Book{basham2009use,
  author    = {Basham, B. B. and Sierra, K.},
  publisher = {Alta Books},
  title     = {Use a {Cabeça}! {Servlets} \& {JSP}},
  year      = {2009},
  edition   = {2. ed.},
}

@Book{bass2013software,
  author    = {Bass, L. and Clements, P. and Kazmann, R.},
  publisher = {Addison-Wesley},
  title     = {Software {Architecture} in {Practice}},
  year      = {2013},
  edition   = {Third Edition},
  annote    = {Livro disponível gratuitamente em: https://smtebooks.com/file/8479},
}

@Book{bass2015devops,
  author    = {Bass, L. and Weber, I. and Zhu, L.},
  publisher = {Addison-Wesley},
  title     = {{DevOps}: {A} {Software} {Architect}'s {Perspective}},
  year      = {2015},
}

@Book{bassanezi1988equacoes,
  author    = {Bassanezi, R. C. and Ferreira Jr, W. C.},
  publisher = {Editora Harbra Ltda},
  title     = {Equações {Diferenciais} com {Aplicações}},
  year      = {1988},
}

@Book{bastos1998aprendendo,
  author    = {Bastos, C. L. and Keller, V.},
  publisher = {Vozes},
  title     = {Aprendendo a aprender: introdução a metodologia científica},
  year      = {1998},
  address   = {Petropolis},
  edition   = {11. ed.},
  isbn      = {85-326-0586-9},
}

@Book{batarseh2018power,
  author    = {Batarseh, I. and Ahmad, H.},
  publisher = {Springer},
  title     = {Power {Electronics}: {Circuit} {Analysis} and {Design}},
  year      = {2018},
}

@Book{batarsehpower,
  author = {Batarseh, I and Ahmad, H.},
  title  = {Power {Electronics}: {Circuit} {Analysis} and},
  annote = {Entrada incompleta no arquivo original.},
}

@Book{beauchamp2007analysis,
  author    = {Beauchamp, J. W.},
  publisher = {Springer Science},
  title     = {Analysis, synthesis, and perception of musical sounds: the sound of music},
  year      = {2007},
  address   = {New York},
  series    = {Modern {Acoustic} and {Signal} {Processing}},
}

@Book{bekey2005autonomous,
  author    = {Bekey, G. A.},
  publisher = {The MIT Press},
  title     = {Autonomous {Robots} – {From} {Biological} {Inspiration} to {Implementation} and {Control}},
  year      = {2005},
  isbn      = {0-262-02578-7},
}

@Book{bergamaschi1999discursos,
  author    = {Bergamaschi, R.I and Martins, R.V.(Org.)},
  publisher = {La Salle},
  title     = {Discursos {Atuais} sobre a surdez},
  year      = {1999},
}

@Book{berman1997data,
  author    = {Berman, A. M.},
  publisher = {Oxford University Press},
  title     = {Data structures via {C}++: objects by evolution},
  year      = {1997},
  address   = {New York},
}

@Book{besant1988cad,
  author    = {Besant, C.b},
  publisher = {Campus},
  title     = {{CAD}/{CAM} projeto e fabricacao com o auxilio de computador},
  year      = {1988},
  address   = {Rio de Janeiro},
  edition   = {3. ed.},
}

@Book{beyer2016site,
  author    = {Beyer, B. and Jones, C. and Petoff, J. and Murphy, N. R.},
  publisher = {O'Reilly Media},
  title     = {Site {Reliability} {Engineering}: {How} {Google} {Runs} {Production} {Systems}},
  year      = {2016},
}

@Book{bhargava2017entendendo,
  author    = {Bhargava, A. Y.},
  publisher = {NOVATEC},
  title     = {Entendendo {Algoritmos}: {Um} guia ilustrado para programadores e outros curiosos},
  year      = {2017},
  isbn      = {978-85-7522-563-9},
}

@Book{birman2010reliable,
  author    = {Birman, K. P.},
  publisher = {Springer},
  title     = {Reliable distributed systems: technologies, web services, and applications},
  year      = {2010},
  address   = {New York},
}

@Book{bishop2006pattern,
  author    = {Bishop, C. M.},
  publisher = {Springer},
  title     = {Pattern recognition and machine learning},
  year      = {2006},
  address   = {New York},
  isbn      = {978-0-387-31073-2},
  series    = {Information {Science} and {Statistics}},
}

@Book{bittencourt2006inteligencia,
  author    = {Bittencourt, G.},
  publisher = {Editora da UFSC},
  title     = {Inteligência artificial: ferramentas e teorias},
  year      = {2006},
  address   = {Florianópolis, SC},
  edition   = {3. ed.},
  isbn      = {85-328-0138-2},
  series    = {Série {Didática}},
}

@Book{blaha2006modelagem,
  author    = {Blaha, M. and Rumbaugh, M.},
  publisher = {Elsevier},
  title     = {Modelagem e projetos baseados em objetos com {UML} 2},
  year      = {2006},
  address   = {Rio de Janeiro},
  edition   = {2. ed.},
  isbn      = {85-352-1753-3},
}

@Book{blanchard2011systems,
  author    = {Blanchard, B. S and Fabrycky, W. J.},
  publisher = {Prentice Hall},
  title     = {Systems {Engineering} and {Analysis}},
  year      = {2011},
  edition   = {5. ed.},
  series    = {International {Series} in {Industrial} \& {Systems} {Engineering}},
}

@Book{bobbio1980teoria,
  author    = {Bobbio, N.},
  publisher = {UnB},
  title     = {A teoria das formas de governo},
  year      = {1980},
  address   = {Brasília},
  series    = {Coleção {Pensamento} {Politico}; v.17},
  annote    = {Não paginado},
}

@Book{boldrini1986algebra,
  author    = {Boldrini, J. L. and {others}},
  publisher = {Harbra},
  title     = {Álgebra {Linear}},
  year      = {1986},
  address   = {São Paulo},
  edition   = {3. ed.},
}

@Book{booth2005arte,
  author    = {Booth, Wayne C. and Colomb, Gregory G. and Williams, Joseph M.},
  publisher = {Martins Fontes},
  title     = {A arte da pesquisa},
  year      = {2005},
  address   = {São Paulo},
  edition   = {2. ed.},
  isbn      = {85-336-2157-4},
  series    = {Coleção {Ferramentas}},
}

@Book{borgesjunior2005aplicativos,
  author    = {Borges Júnior, M. P.},
  publisher = {Ciência Moderna},
  title     = {Aplicativos móveis: aplicativos para dispositivos móveis usando {C}\#.{Net} com a ferramenta visual {Studio}.{NET} e {MySQL} e {SQL} {Server}},
  year      = {2005},
  address   = {Rio de Janeiro},
}

@Book{botelho1998segredos,
  author    = {Botelho, P.},
  publisher = {Autentica},
  title     = {Segredos e {Silêncios} na {Educação} de {Surdos}},
  year      = {1998},
}

@Book{boulos2005geometria,
  author    = {Boulos, P. and Camargo, I.},
  publisher = {Pearson Editora},
  title     = {Geometria analítica, um tratamento vetorial},
  year      = {2005},
  edition   = {3. ed.},
}

@Book{bovik2005handbook,
  author    = {Bovik, A.},
  publisher = {Elsevier Academic Press},
  title     = {Handbook of {Image} and {Video} {Processing}},
  year      = {2005},
  address   = {Amsterdam},
  edition   = {2. ed.},
}

@Book{boyce2001equacoes,
  author    = {Boyce, W.E. and DiPrima, R.C.},
  publisher = {Guanabara Koogan},
  title     = {Equações {Diferenciais} {Elementares} e {Problemas} de {Valores} de {Contorno}},
  year      = {2001},
  address   = {Rio de Janeiro},
  edition   = {7. ed.},
}

@Book{boylestad2013dispositivos,
  author    = {Boylestad, R. L. and Nashelsky, L.},
  publisher = {Pearson},
  title     = {Dispositivos eletrônicos e teoria de circuitos},
  year      = {2013},
  address   = {São Paulo},
  edition   = {11. ed.},
}

@Book{boylestad2009introducao,
  author    = {Boylestad, R.},
  publisher = {Pearson Prentice Hall},
  title     = {Introdução à análise de circuitos},
  year      = {2009},
  address   = {São Paulo},
  edition   = {10. ed.},
}

@Book{mdsdecae2006orientacoes,
  author    = {{BRASIL. MINISTÉRIO DA EDUCAÇÃO. SECRETARIA DA EDUCAÇÃO CONTINUADA ALFABETIZAÇÃO E DIVERSIDADE.}},
  publisher = {SECAD},
  title     = {Orientações e ações para a educação das relações étnico-raciais},
  year      = {2006},
  address   = {Brasília},
  isbn      = {85-296-0042-8},
}

@Book{bratko1990prolog,
  author    = {Bratko, I.},
  publisher = {Addison-Wesley},
  title     = {Prolog: programming for artificial intelligence},
  year      = {1990},
  address   = {Harlow},
  edition   = {2 ed.},
  isbn      = {0-201-41606-9},
  series    = {International {Computer} {Science} {Series}},
}

@Book{brito1995por,
  author    = {Brito, L.F.},
  publisher = {Tempo brasileiro},
  title     = {Por uma gramática de {Língua} de {Sinais}},
  year      = {1995},
}

@Book{brophy1978eletronica,
  author     = {Brophy, J. J.},
  publisher  = {Guanabara Dois},
  title      = {Eletrônica básica},
  year       = {1978},
  address    = {Rio de Janeiro},
  edition    = {3 ed.},
  translator = {Reis, Julio Cesar Goncalves},
}

@Book{brown2001engineering,
  author    = {Brown, F T.},
  publisher = {CRC Press},
  title     = {Engineering {System} {Dynamics}: {A} {Unified} {Graph}-{Centered} {Approach}},
  year      = {2001},
  edition   = {2},
}

@Book{brown2006engineering,
  author    = {Brown, F. T.},
  publisher = {CRC Press},
  title     = {Engineering {System} {Dynamics}: {A} {Unified} {Graph}-{Centered} {Approach}},
  year      = {2006},
  edition   = {2. ed.},
  isbn      = {0-8493-9648-4},
}

@Book{brown2007fundamentals,
  author    = {Brown, S. D.},
  publisher = {McGraw-Hill Companies},
  title     = {Fundamentals of digital logic with {Verilog} design},
  year      = {2007},
  address   = {New York},
  edition   = {2. ed.},
  annote    = {Inclui a anotação "livrotextoCap. finais, conforme ementa,"},
}

@Book{braeunl2006embedded,
  author    = {Bräunl, T.},
  publisher = {Springer-Verlag},
  title     = {Embedded robotics: mobile robot design and applications with embedded systems},
  year      = {2006},
  address   = {Berlin},
  edition   = {2. ed.},
  isbn      = {3-540-34318-0},
}

@Book{burden1996numerical,
  author    = {Burden, R.L. and Faires, J.D.},
  publisher = {PWS Publishing Company},
  title     = {Numerical {Analysis}},
  year      = {1996},
}

@Book{callioli2013algebra,
  author    = {Callioli, C. A. and Domingues, H. H. and Costa, R. C. F.},
  publisher = {Atual},
  title     = {Álgebra linear e aplicações},
  year      = {2013},
  address   = {São Paulo},
  edition   = {6. ed.},
}

@Book{callioli2007algebra,
  author    = {Callioli, C. A. and Domingues, H. H. and Costa, R.},
  publisher = {Atual},
  title     = {Álgebra linear e aplicações},
  year      = {2007},
  address   = {São Paulo},
  edition   = {6 ed.},
}

@Book{campos2008fisica,
  author    = {Campos, A. A and Alves, E.S and Speziali, N.L.},
  publisher = {Editora UFMG},
  title     = {Física {Experimental} {Básica} na {Universidade}},
  year      = {2008},
  address   = {Belo Horizonte},
  edition   = {2. ed.},
}

@Book{capovilladicionario,
  author    = {Capovilla, F.C. and Raphael, W.D.},
  publisher = {EDUSP, FABESP, Fundação Vitae, FENEIS, BRASIL ℡ECOM},
  title     = {Dicionário {Enciclopédico} {Ilustrado} {Trilingue} da {Língua} {Brasileira} de {Sinais}},
  address   = {São Paulo},
  volume    = {II: Sinais de M a Z (Vol2, PP. 835-1620)},
}

@Book{capuano2012elementos,
  author    = {Capuano, F. G. and Idoeta, I. V.},
  publisher = {Editora Érica},
  title     = {Elementos de {Eletrônica} {Digital}},
  year      = {2012},
}

@Book{caroli1987matrizes,
  author    = {Caroli, A. and Callioli, C. A. and Feitosa, M. O.},
  publisher = {Editora Nobel},
  title     = {Matrizes, vetores e geometria analitica},
  year      = {1987},
  address   = {São Paulo},
}

@Book{carpinelli2023animated,
  author    = {Carpinelli, John D.},
  publisher = {New Jersey Institute of Technology Library},
  title     = {An {Animated} {Introduction} to {Digital} {Logic} {Design}},
  year      = {2023},
  annote    = {Versão aberta (licença Creative Commons) disponível em: https://digitalcommons.njit.edu/oat/1/. Acesso em: 31/10/2024},
}

@Book{casanova2009parallel,
  author    = {Casanova, H. and Legrand, A. and Robert, Y.},
  publisher = {CRC Press},
  title     = {Parallel {Algorithms}},
  year      = {2009},
  address   = {Boca Raton},
}

@Book{caseli2024processamento,
  author    = {Caseli, H.M. and Nunes, M.G.V. (org.)},
  publisher = {BPLN},
  title     = {Processamento de {Linguagem} {Natural}: {Conceitos}, {Técnicas} e {Aplicações} em {Português}},
  year      = {2024},
  edition   = {2 ed.},
  annote    = {Disponível em: https://brasileiraspln.com/livro-pln/2a-edicao.},
}

@Book{caseli2013metodologia,
  author    = {Caseli, H. UFSCAR. SEAD.},
  publisher = {EdUFSCar},
  title     = {Metodologia científica},
  year      = {2013},
  address   = {São Carlos, SP},
}

@Book{castro1996estrategias,
  author    = {Castro, A. B. De},
  publisher = {Forense Universitária},
  title     = {Estratégias empresariais na indústria brasileira: discutindo mudanças},
  year      = {1996},
  address   = {Rio de Janeiro},
  isbn      = {85-218-0172-6},
}

@Book{castro2014pratica,
  author    = {Castro, C. de M.},
  publisher = {Pearson},
  title     = {A prática da pesquisa},
  year      = {2014},
  address   = {São Paulo},
  edition   = {2. ed.},
  isbn      = {978-85-7605-085-8},
}

@Book{castrucci2011controle,
  author    = {Castrucci, P. de L. and Bittar, A. and Sales, R. M.},
  publisher = {LTC},
  title     = {Controle automático},
  year      = {2011},
  address   = {Rio de Janeiro},
  isbn      = {978-85-216-1786-0},
}

@Book{cervo1996metodologia,
  author    = {Cervo, A. L. and Bervian, P. A. and da Silva, R.},
  publisher = {Makron},
  title     = {Metodologia científica},
  year      = {1996},
  address   = {São Paulo},
  edition   = {4. ed.},
}

@Book{chapman2007using,
  author    = {Chapman, B. and Jost, G. and Van Der Pas, R.},
  publisher = {MIT Press},
  title     = {Using {OpenMP}: {Portable} {Shared} {Memory} {Parallel} {Programming}},
  year      = {2007},
  address   = {Cambridge},
}

@Book{chavesfisica,
  author = {Chaves, A. and Sampaio, J.F.},
  title  = {Física {Básica}: {Mecânica}},
  annote = {Entrada incompleta no arquivo original.},
}

@Book{chaves2001fisica,
  author    = {Chaves, A. S.},
  publisher = {Reichmann \& Affonso},
  title     = {Física: curso básico para estudantes de ciências físicas e engenharias},
  year      = {2001},
  address   = {Rio de Janeiro},
}

@InCollection{chen2011secure,
  author    = {Chen, Y. and Ku, W. and Feng, J. and Liu, P. and Su, Z.},
  booktitle = {Cloud {Computing}},
  publisher = {Wiley},
  title     = {Secure {Distributed} {Data} {Storage} in {Cloud} {Computing}},
  year      = {2011},
  address   = {New York},
  editor    = {Buyya, R. and Broberg, J. and Goscinski, A.},
  doi       = {10.1002/9780470940105.ch8},
}

@Book{choset2005principles,
  author    = {Choset, H. and Lynch, K. M. and Hutchinson, S. and Kantor, G. and Burgard, W. and Kavraki, L. E. and Thrun, S.},
  publisher = {The MIT Press},
  title     = {Principles of {Robot} {Motion}: {Theory}, {Algorithms}, and {Implementations}},
  year      = {2005},
  isbn      = {0-262-03327-5},
}

@Book{close2002modeling,
  author    = {Close, C. M. and Frederick, D. K. and Newell, J. C.},
  publisher = {John Wiley \& Sons},
  title     = {Modeling and analysis of dynamic systems},
  year      = {2002},
  address   = {New York},
  edition   = {3},
  isbn      = {0-41-39442-4},
}

@Book{claudio1989fundamentos,
  author    = {Claudio, D. M. et al.},
  publisher = {Atlas},
  title     = {Fundamentos de {Matemática} {Computacional}},
  year      = {1989},
}

@Book{coddington1989introduction,
  author = {Coddington, E. A.},
  title  = {An {Introduction} to {Ordinary} {Differential} {Equations}},
  year   = {1989},
}

@Book{coelho2010curso,
  author    = {Coelho, F. U. and Lourenço, M. L.},
  publisher = {EdUSP},
  title     = {Um curso de álgebra linear},
  year      = {2010},
  address   = {São Paulo},
  edition   = {2},
}

@Book{cohen2006opengl,
  author    = {Cohen, M. and Manssour, I.},
  publisher = {Novatec},
  title     = {{OpenGL} - {Uma} {Abordagem} {Prática} e {Objetiva}},
  year      = {2006},
  address   = {São Paulo},
}

@Book{cohn2010agile,
  author    = {Cohn, M.},
  publisher = {Prentice Hall Professional Technical Reference},
  title     = {Agile estimating and planning},
  year      = {2010},
  address   = {Upper Saddle River, NJ},
  isbn      = {978-0-13-147941-8},
  series    = {Robert {C}. {Martin} {Series}},
}

@Book{colbari1995etica,
  author    = {Colbari, A. de L.},
  publisher = {Letras \& Letras},
  title     = {Ética do trabalho: a vida familiar na construção da identidade profissional},
  year      = {1995},
  address   = {São Paulo},
  isbn      = {85-85387-53-X},
}

@Book{comer2016redes,
  author    = {Comer, D. E.},
  publisher = {Bookman},
  title     = {Redes de {Computadores} e {Internet}},
  year      = {2016},
  edition   = {6},
}

@Book{comer2005fundamentos,
  author    = {Comer, D. J. and Comer, D.},
  publisher = {LTC},
  title     = {Fundamentos de projeto de circuitos eletrônicos},
  year      = {2005},
  address   = {Rio de Janeiro},
}

@Book{conte1975elementos,
  author    = {Conte, S. D.},
  publisher = {Ed. Globo},
  title     = {Elementos de {Análise} {Numérica}},
  year      = {1975},
}

@Book{cooper2012engineering,
  author    = {Cooper, K. D. and Torczon, L.},
  publisher = {Elsevier},
  title     = {Engineering a compiler},
  year      = {2012},
  address   = {Amsterdam},
  edition   = {2},
  isbn      = {978-0-12-088478-0},
}

@Book{coppin2015inteligencia,
  author    = {Coppin, B.},
  publisher = {Grupo Gen-LTC},
  title     = {Inteligência artificial},
  year      = {2015},
}

@Book{cormen2012algoritmos,
  author    = {Cormen, T. H. et al.},
  publisher = {Elsevier},
  title     = {Algoritmos: teoria e prática},
  year      = {2012},
  address   = {Rio de Janeiro},
}

@Book{cormen2009introduction,
  author    = {Cormen, T. H. and Leiserson, C. E. and Rivest, R. L. and Stein, C.},
  publisher = {The MIT Press},
  title     = {Introduction to {Algorithms}},
  year      = {2009},
  edition   = {3},
}

@Book{costaneto1977estatistica,
  author    = {Costa Neto, P. L. O.},
  publisher = {Ed. Blucher},
  title     = {Estatística},
  year      = {1977},
  address   = {S.Paulo},
}

@Book{coulouris2012distributed,
  author    = {Coulouris, G. and Dollimore, J. and Kindberg, T. and Blair, G.},
  publisher = {Addison-Wesley},
  title     = {Distributed systems: concepts and design},
  year      = {2012},
  edition   = {5},
}

@Book{couto1995ergonomia,
  author    = {Couto, H. de A.},
  publisher = {Ergo},
  title     = {Ergonomia aplicada ao trabalho: o manual técnico da máquina humana},
  year      = {1995},
  address   = {Belo Horizonte},
}

@Book{cozzi2008empreendedorismo,
  editor    = {Cozzi, A. and Judice, V. and Dolabela, F. and Filion, L. J.},
  publisher = {Elsevier},
  title     = {{EMPREENDEDORISMO} de base tecnológica: spin-off: criação de novos negócios a partir de empresas constituídas, universidades e centros de pesquisa},
  year      = {2008},
  address   = {Rio de Janeiro},
  isbn      = {978-85-352-2668-3},
}

@Book{craig2005introduction,
  author    = {Craig, J. J.},
  publisher = {Addison-Wesley Pub. Co.},
  title     = {Introduction to {Robotics}: {Mechanics} and {Control}},
  year      = {2005},
  edition   = {3},
  isbn      = {0-201-09528-9},
}

@Book{cruz1996controle,
  author    = {Cruz, J. J. da},
  publisher = {Edusp},
  title     = {Controle robusto multivariável},
  year      = {1996},
  address   = {São Paulo},
  isbn      = {9788531403413},
  series    = {Acadêmica},
  volume    = {5},
}

@Book{cutler1976analise,
  author     = {Cutler, P.},
  publisher  = {McGraw-Hill do Brasil},
  title      = {Análise de circuitos {CC}, com problemas ilustrativos},
  year       = {1976},
  address    = {Sao Paulo},
  translator = {Toledo, Adalton Pereira de},
}

@Book{velleman2006how,
  author  = {Velleman, D.},
  title   = {How to {Prove} {It}, {A} {Structured} {Approach}},
  year    = {2006},
  address = {Cambridge},
  edition = {2},
}

@Book{dasgupta2009algoritmos,
  author    = {Dasgupta, S. and Papadimitriou, C. H. and Vazirani, U. V.},
  publisher = {McGraw-Hill},
  title     = {Algoritmos},
  year      = {2009},
  address   = {New York},
}

@Book{date2003introducao,
  author    = {Date, C. J.},
  publisher = {Elsevier},
  title     = {Introdução a sistemas de banco de dados},
  year      = {2003},
  address   = {Rio de Janeiro},
  isbn      = {978-85-352-1273-0},
}

@Book{david2005discrete,
  author    = {David, R. and Alla, H.},
  publisher = {Springer-Verlag},
  title     = {Discrete, continuous, and hybrid {Petri} nets},
  year      = {2005},
  address   = {Berlin},
  isbn      = {3-540-22480-7},
}

@Book{davis2016effective,
  author    = {Davis, J. and Daniels, R.},
  publisher = {O'Reilly Media},
  title     = {Effective {DevOps}: {Building} a {Culture} of {Collaboration}, {Affinity}, and {Tooling} at {Scale}},
  year      = {2016},
}

@Book{decastro2006fundamentals,
  author    = {De Castro, L. N.},
  publisher = {CRC Press},
  title     = {Fundamentals of natural computing: basic concepts, algorithms, and applications},
  year      = {2006},
}

@Misc{dejonge2013introduction,
  author = {De Jonge, E. and Van der Loo, M. P. J.},
  title  = {An {Introduction} to {Data} {Cleaning} with {R}},
  year   = {2013},
  annote = {Acesso em: 06 Jun. 2024},
  url    = {https://cran.r-project.org/doc/contrib/de_Jonge+van_der_Loo-Introduction_to_data_cleaning_with_R.pdf},
}

@Book{deitel2007sistemas,
  author    = {Deitel, H. M. and Deitel, P. J. and Choffnes, D.},
  publisher = {PRENTICE HALL BRASIL},
  title     = {Sistemas {Operacionais}},
  year      = {2007},
  isbn      = {85-7605-011-0},
}

@Book{deitel2006c,
  author    = {Deitel, H. M. and Deitel, P. J.},
  publisher = {Pearson Prentice Hall},
  title     = {C++ {Como} {Programar}},
  year      = {2006},
  edition   = {5},
}

@Book{deitel2009c,
  author    = {Deitel, P. J. and Deitel, H. M.},
  publisher = {Prentice Hall},
  title     = {C++ for programmers},
  year      = {2009},
  address   = {Upper Saddle River, NJ},
  isbn      = {0-13-700130-9},
  series    = {Deitel {Developer} {Series}},
}

@Book{delamaro2007introducao,
  author    = {Delamaro, M. E. and Maldonado, J. C. and Jino, M.},
  publisher = {Elsevier: Campus},
  title     = {Introdução ao teste de software},
  year      = {2007},
  address   = {Rio de Janeiro},
  isbn      = {978-85-352-2634-8},
}

@Book{delamaro2004como,
  author    = {Delamaro, M. E.},
  publisher = {Novatec},
  title     = {Como {Construir} um {Compilador} {Utilizando} {Ferramentas} {Java}},
  year      = {2004},
  isbn      = {85-7522-055-1},
}

@Book{demidovich1987computational,
  author    = {Demidovich, B. P. et al.},
  publisher = {Mir Pub},
  title     = {Computational {Mathematics}},
  year      = {1987},
  address   = {Moscou},
}

@Book{denbigh1998system,
  author    = {Denbigh, P.},
  publisher = {Addison Wesley},
  title     = {System {Analysis} \& {Signal} {Processing}},
  year      = {1998},
}

@Article{deng2014deep,
  author  = {Deng, L. and Yu, D.},
  journal = {Foundations and Trends® in Signal Processing},
  title   = {Deep learning: methods and applications. {Foundations} and {Trends}® in {Signal} {Processing}},
  year    = {2014},
  number  = {3-4},
  pages   = {197--387},
  volume  = {7},
}

@Book{diazbordenave1988estrategias,
  author    = {Diaz Bordenave, J. E. and Pereira, A. M.},
  publisher = {Vozes},
  title     = {Estratégias de ensino-aprendizagem},
  year      = {1988},
  address   = {Petropolis},
  edition   = {10},
}

@Book{dijkstra1988method,
  author    = {Dijkstra, E. W. and Feijen, W. H. J.},
  publisher = {Addison-Weley},
  title     = {A method of programming},
  year      = {1988},
  address   = {Wokingham},
}

@Book{dix2004human,
  author    = {Dix, A. and Finlay, J. and Abowd, G. and Beale, R.},
  publisher = {Pearson},
  title     = {Human-{Computer} {Interaction}},
  year      = {2004},
  edition   = {3},
  isbn      = {978-013046109},
}

@Book{doebelin1980system,
  author    = {Doebelin, E. O.},
  publisher = {John Wiley},
  title     = {System modeling and response: theoretical and experimental approaches},
  year      = {1980},
  address   = {New York},
}

@Book{dongarra2003sourcebook,
  author    = {Dongarra, J. and Foster, I. and Fox, G. and Gropp, W. and White, A. and Torczon, L. and Kennedy, K.},
  publisher = {Morgan Kaufmann},
  title     = {Sourcebook of {Parallel} {Computing}},
  year      = {2003},
  address   = {San Francisco},
}

@Book{dorf2012introducao,
  author    = {Dorf, R. C. and Svoboda, J. A.},
  publisher = {LTC},
  title     = {Introdução aos circuitos elétricos},
  year      = {2012},
  address   = {Rio de Janeiro},
  edition   = {8},
}

@Book{dornelas2012empreendedorismo,
  author    = {Dornelas, J. C. A.},
  publisher = {Elsevier},
  title     = {Empreendedorismo: transformando ideias em negócios},
  year      = {2012},
  address   = {Rio de Janeiro},
  edition   = {4},
  isbn      = {978-85-352-4758-9},
}

@Book{drozdek2010estruturas,
  author    = {Drozdek, A.},
  publisher = {Cengage Learning},
  title     = {Estruturas de dados e algoritmos em {C}++},
  year      = {2010},
  address   = {São Paulo},
}

@Book{dupas2009pesquisando,
  author    = {Dupas, M. A.},
  publisher = {Editora EdUFSCar},
  title     = {Pesquisando e normalizando: noções básicas e recomendações úteis para a elaboração de trabalhos científicos},
  year      = {2009},
  address   = {São Carlos},
  edition   = {6},
}

@Book{duvall2007continuous,
  author = {Duvall, P. and Matyas, S. M. and Glover, A.},
  title  = {Continuous {Integration}: {Improving} {Software} {Quality} and {Reducing} {Risk}},
  year   = {2007},
  series = {The {Addison}-{Wesley} {Signature} {Series}},
}

@Book{eckel2000thinking,
  author    = {Eckel, B.},
  publisher = {Prentice Hall},
  title     = {Thinking in {C}++},
  year      = {2000},
  address   = {Upper Saddle River},
  edition   = {2},
}

@Book{eiben2003introduction,
  author    = {Eiben, A. E. et al.},
  publisher = {springer},
  title     = {Introduction to evolutionary computing},
  year      = {2003},
  address   = {Heidelberg},
}

@Book{elisabeth2015transformando,
  author    = {Elisabeth, S. and Calado, R. D.},
  publisher = {Global South},
  title     = {transformando ideias em negócios lucrativos: aplicando a metodologia {Lean} {Startup}},
  year      = {2015},
  address   = {Rockville},
  isbn      = {978-1-943350-07-0},
}

@Book{ellenrieder1971pesquisa,
  author    = {Ellenrieder, A. V.},
  publisher = {Almeida Neves-Editores},
  title     = {Pesquisa {Operacional}},
  year      = {1971},
  address   = {Rio de Janeiro},
}

@Book{elmasri2011sistemas,
  author    = {Elmasri, R. and Navathe, S. B.},
  publisher = {Pearson Addison Wesley},
  title     = {Sistemas de banco de dados},
  year      = {2011},
  address   = {São Paulo},
  edition   = {6},
  isbn      = {978-85-7936-085-5},
}

@Book{ercegovac2004digital,
  author    = {Ercegovac, M. D. and Lang, T.},
  publisher = {Morgan Kaufmann},
  title     = {Digital {Arithmetic}},
  year      = {2004},
  address   = {San Francisco},
  isbn      = {1-55860-798-6},
}

@Book{erickson2003hacking,
  author    = {Erickson, J. M.},
  publisher = {No Starch Press},
  title     = {Hacking: the art of exploration},
  year      = {2003},
  address   = {San Frascisco},
  isbn      = {1-59327-007-0},
}

@Book{erwig2017once,
  author    = {Erwig, Martin},
  publisher = {MIT Press},
  title     = {Once {Upon} an {Algorithm}: {How} {Stories} {Explain} {Computing}},
  year      = {2017},
  isbn      = {978-0-262-03663-4},
}

@Book{faceli2011inteligencia,
  author    = {Faceli, K. and Lorena, A. C. and Gama, J. and Carvalho, A. C. P. de L. F. de},
  publisher = {LTC},
  title     = {Inteligência artificial: uma abordagem de aprendizado de máquina},
  year      = {2011},
  address   = {Rio de Janeiro},
  isbn      = {978-85-216-1880-5},
}

@Book{felicio2010modelagem,
  author  = {Felício, L. C.},
  title   = {Modelagem da dinâmica de sistemas e estudo da resposta},
  year    = {2010},
  edition = {2},
}

@Book{feofiloff2009algoritmos,
  author    = {Feofiloff, P.},
  publisher = {Elsevier},
  title     = {Algoritmos em {Linguagem} {C}},
  year      = {2009},
}

@Book{fernandes2003linguagem,
  author    = {Fernandes, E.},
  publisher = {ARTMED},
  title     = {Linguagem e {Surdez}},
  year      = {2003},
  address   = {Porto Alegre},
}

@Book{ferrari2014estruturas,
  author    = {Ferrari, R. and Ribeiro, M. X. and Dias, R. L. and Falvo, M.},
  publisher = {Elsevier},
  title     = {Estruturas de {Dados} com {Jogos}},
  year      = {2014},
  address   = {Rio de Janeiro},
}

@Book{ferrari2010empreendedorismo,
  author    = {Ferrari, R.},
  publisher = {Elsevier},
  title     = {Empreendedorismo para computação: criando negócios em tecnologia},
  year      = {2010},
  address   = {Rio de Janeiro},
  isbn      = {978-85-352-3417-6},
  series    = {Série {SBC}},
}

@Book{ferreira2001introducao,
  author    = {Ferreira, C. E.},
  publisher = {IMPA},
  title     = {Uma introdução sucinta a algoritmos de aproximação},
  year      = {2001},
  address   = {Rio de Janeiro},
}

@Book{ferreira2019para,
  author    = {Ferreira, M. and Lopes, M.},
  publisher = {Editora Contexto},
  title     = {Para conhecer: {Linguística} {Computacional}},
  year      = {2019},
}

@Book{feynman1963feynman,
  author    = {Feynman, R. P. and Leighton, R. B. and Sands, M.},
  publisher = {Addison-Wesley},
  title     = {The {Feynman} lectures on physics. {Reading}},
  year      = {1963},
}

@Book{figueiredo1977equacoes,
  author    = {Figueiredo, D. G. and Neves, A. F.},
  publisher = {IMPA},
  title     = {Equações {Diferenciais} {Aplicadas}, {Coleção} {Matemática} {Universitária}},
  year      = {1977},
  address   = {Rio de Janeiro},
}

@Book{filho2017computer,
  author    = {Filho, W. F. and Pictet, R.},
  publisher = {Code Energy},
  title     = {Computer {Science} {Distilled}: {Learn} the {Art} of {Solving} {Computational} {Problems}},
  year      = {2017},
  isbn      = {0-9973160-0-4},
}

@Book{flatschart2011html,
  author    = {Flatschart, F.},
  publisher = {Brasport},
  title     = {{HTML} 5: embarque imediato},
  year      = {2011},
  address   = {Rio de Janeiro},
}

@Book{flemming2006calculo,
  author    = {Flemming, D. M. and Goncalves, M. B.},
  publisher = {Prentice Hall},
  title     = {Cálculo {A}: funções, limite, derivação, integração},
  year      = {2006},
  address   = {São Paulo},
  edition   = {6},
}

@Book{flemming2007calculo,
  author    = {Flemming, D. M. and GonçALVES, M. B.},
  publisher = {Pearson Prentice Hall},
  title     = {Cálculo {B}: funções de várias variáveis, integrais múltiplas, integrais curvilíneas e de superfície},
  year      = {2007},
  address   = {São Paulo},
  edition   = {2},
}

@Book{fleury2004estrategias,
  author    = {Fleury, A. C. C. and Fleury, M. T. L.},
  publisher = {Atlas},
  title     = {Estratégias empresariais e formação de competências: um quebra-cabeça caleidoscópico da indústria brasileira},
  year      = {2004},
  address   = {São Paulo},
  edition   = {3},
  isbn      = {85-224-3807-2},
}

@Book{floyd2007sistemas,
  author    = {Floyd, T. L.},
  publisher = {Artmed},
  title     = {Sistemas digitais: fundamentos e aplicações},
  year      = {2007},
  address   = {Porto Alegre, RS},
  edition   = {9},
  isbn      = {978-85-60031-93-1},
}

@Article{flynn1996parallel,
  author  = {Flynn, M. J. and Rudd, K. W.},
  journal = {ACM Computing Surveys},
  title   = {Parallel {Architectures}},
  year    = {1996},
  number  = {1},
  volume  = {28},
}

@Book{foley2013computer,
  author    = {Foley, J. et al.},
  publisher = {Addison-Wesley Professional},
  title     = {Computer graphics: principles and practice},
  year      = {2013},
  edition   = {3},
}

@Book{forbellone2008logica,
  author    = {Forbellone, A. L. V. and Eberspacher, H. F.},
  publisher = {Pearson Prentice Hall},
  title     = {Lógica de programação: a construção de algoritmos e estruturas de dados},
  year      = {2008},
  address   = {São Paulo},
  edition   = {3},
  isbn      = {978-85-7605-024-7},
}

@Book{forsyth2003computer,
  author    = {Forsyth, D. A. and Ponce, J.},
  publisher = {Prentice Hall},
  title     = {Computer {Vision}: {A} {Modern} {Approach}},
  year      = {2003},
  address   = {Upper Saddle River},
}

@Book{foster1995designing,
  author    = {Foster, I.},
  publisher = {Addison-Wesley},
  title     = {Designing and {Building} {Parallel} {Programs}},
  year      = {1995},
  address   = {Boston},
}

@Book{fowler2018refactoring,
  author    = {Fowler, Martin},
  publisher = {Addison-Wesley Professional},
  title     = {Refactoring: improving the design of existing code},
  year      = {2018},
}

@Book{franco2006calculo,
  author    = {Franco, N. B.},
  publisher = {Pearson Prentice Hall},
  title     = {Cálculo {Numérico}},
  year      = {2006},
}

@Book{franklin1990digital,
  author    = {Franklin, Gene F. and Powell, J. David and Workman, Michael L.},
  publisher = {Addison-Wesley},
  title     = {Digital control of dynamic systems},
  year      = {1990},
  address   = {Reading},
  edition   = {2},
  isbn      = {0-201-11938-2},
}

@Book{franklin1991feedback,
  author    = {Franklin, G. F. and Powell, J. D. and Emami-Naeini, A.},
  publisher = {Addison-Wesley},
  title     = {Feedback control of dynamic systems.},
  year      = {1991},
  address   = {Reading},
  edition   = {2},
}

@Book{franklin2013sistemas,
  author    = {Franklin, G.},
  publisher = {Bookman},
  title     = {Sistemas de {Controle} {Para} {Engenharia}},
  year      = {2013},
  isbn      = {978-85-8260-067-2},
}

@Book{freitas2013data,
  author    = {Freitas, A. A.},
  publisher = {Springer Science \& Business Media},
  title     = {Data mining and knowledge discovery with evolutionary algorithms},
  year      = {2013},
}

@Book{freitas2022linguistica,
  author    = {Freitas, C.},
  publisher = {Parábola Editorial},
  title     = {Linguística {Computacional}},
  year      = {2022},
}

@Book{furlan1998modelagem,
  author    = {Furlan, J. D.},
  publisher = {Makron Books},
  title     = {Modelagem de objetos através da {UML} - {Unified} {Modeling} {Language}},
  year      = {1998},
  address   = {São Paulo},
  isbn      = {85-346-0924-1},
}

@Book{furtado1986paradigmas,
  author    = {Furtado, A. L.},
  publisher = {UNICAMP},
  title     = {Paradigmas de linguagens de programação},
  year      = {1986},
  address   = {Campinas},
}

@Book{gama2010knowledge,
  author    = {Gama, J.},
  publisher = {CRC Press},
  title     = {Knowledge discovery from data streams},
  year      = {2010},
}

@Book{gamma2013design,
  author    = {Gamma, E. and Helm, R. and Johnson, R. and Vlissides, J.},
  publisher = {Addison-Wesley},
  title     = {Design patterns: elements of reusable object-oriented software},
  year      = {2013},
  address   = {Boston},
  isbn      = {978-0-201-63361-0},
}

@Book{gamma2003padroes,
  author    = {Gamma, E. and Helm, R. and Vlissides, J. and Johnson, R.},
  publisher = {Bookman},
  title     = {Padrões de {Projeto}: soluções reutilizáveis de software orientado a objetos},
  year      = {2003},
  address   = {Porto Alegre},
  isbn      = {85-7307-610-0},
}

@Book{garciamolina2000database,
  author    = {Garcia-Molina, Hector and Ullman, Jeffrey D. and Widom, Jennifer},
  publisher = {Prentice Hall},
  title     = {Database system implementation},
  year      = {2000},
  address   = {New Jersey},
  isbn      = {0-13-040264-8},
}

@Book{garcia2015data,
  author    = {García, S. and Luengo, J. and Herrera, F.},
  publisher = {Springer},
  title     = {Data {Preprocessing} in {Data} {Mining}},
  year      = {2015},
  address   = {Berlin},
  series    = {Intelligent {Systems} {Reference} {Library}},
}

@TechReport{garlan1994introduction,
  author      = {Garlan, D. and Shaw, M.},
  institution = {CMU Software Engineering Institute},
  title       = {An {Introduction} to {Software} {Architecture}},
  year        = {1994},
  number      = {CMU/SEI-94-TR-21, ESC-TR-94-21},
  pages       = {39 p.},
}

@Book{gendreau2010handbook,
  author = {Gendreau, M. and Potvin, Jean-Yves},
  title  = {Handbook of {Metaheuristics}},
  year   = {2010},
}

@Book{gerald2008mathematical,
  author    = {Gerald, F. and Hansford, D.},
  publisher = {A.K. Peters},
  title     = {Mathematical {Principles} for {Scientific} {Computing} and {Visualization}},
  year      = {2008},
  address   = {Natick},
}

@Book{gersting2004fundamentos,
  author    = {Gersting, J. L.},
  publisher = {LTC},
  title     = {Fundamentos {Matemáticos} para a {Ciência} da {Computação}: um tratamento moderno de matemática discreta},
  year      = {2004},
  address   = {Rio de Janeiro},
  edition   = {5},
}

@Book{gesser2009libras,
  author    = {Gesser, A.},
  publisher = {Parábola Editorial},
  title     = {{LIBRAS}? {Que} língua é essa?: crenças e preconceitos em torno da língua de sinais e da realidade surda},
  year      = {2009},
  address   = {São Paulo},
}

@Book{ghezzi1985conceitos,
  author     = {Ghezzi, C. and Jazayeri, M.},
  publisher  = {Campus},
  title      = {Conceitos de linguagens de programação},
  year       = {1985},
  address    = {Rio de Janeiro},
  isbn       = {85-7001-204-7},
  translator = {Veloso, Paulo A. S.},
}

@Book{gomide2011elementos,
  author = {Gomide, A. and Stolfi, J.},
  title  = {Elementos de {Matemática} {Discreta} para {Computação}},
  year   = {2011},
  annote = {Disponível em: http://www.ic.unicamp.br/ stolfi/cursos/MC358-2012-1-A/docs/apostila.pdf},
}

@Book{gonzalez2008digital,
  author    = {Gonzalez, R. C. and Woods, R. E.},
  publisher = {Prentice-Hall},
  title     = {Digital {Image} {Processing}},
  year      = {2008},
  address   = {Upper Saddle River},
  edition   = {3},
}

@Book{goodwin2001control,
  author    = {Goodwin, G. C. and Graebe, S. F. and Salgado, M. E.},
  publisher = {Prentice Hall},
  title     = {Control system design},
  year      = {2001},
  address   = {Upper Saddle River},
  isbn      = {0-13-958653-9},
}

@Book{gorton2016essential,
  author    = {Gorton, I.},
  publisher = {Springer-Verlag},
  title     = {Essential {Software} {Architecture}},
  year      = {2016},
  address   = {Germany},
  isbn      = {978-3-642-19176-3},
}

@Book{grama2003introduction,
  author    = {Grama, A. and Gupta, A. and Karypis, G. and Kumar, V.},
  publisher = {Addison-Wesley},
  title     = {Introduction to {Parallel} {Computing}},
  year      = {2003},
  address   = {Boston},
}

@Book{groover2011automacao,
  author    = {Groover, M. P.},
  publisher = {Pearson},
  title     = {Automação industrial e sistemas de manufatura},
  year      = {2011},
  address   = {São Paulo},
  edition   = {3},
  isbn      = {978-85-7605-871-7},
}

@Book{groover2001automation,
  author    = {Groover, M. P.},
  publisher = {Prentice Hall},
  title     = {Automation, {Production} {Systems} and {Computer}-{Integrated} {Manufacturing}},
  year      = {2001},
}

@Book{gropp1998mpi,
  author    = {Gropp, W. et al.},
  publisher = {MIT Press},
  title     = {{MPI} - {The} {Complete} {Reference}: {The} {MPI} {Extensions}},
  year      = {1998},
  address   = {Cambridge},
  edition   = {2},
}

@Book{guerin1994analyzing,
  author    = {Guerin, B.},
  publisher = {Context Press},
  title     = {Analyzing social behavior: behavior analysis and the social sciences},
  year      = {1994},
  address   = {Reno},
  isbn      = {1-87978-13-6},
}

@Book{guimaraes1980principios,
  author    = {Guimaraes, C. C.},
  publisher = {Campus},
  title     = {Princípios de sistemas operacionais},
  year      = {1980},
  address   = {Rio de Janeiro},
}

@Book{hall2001core,
  author    = {Hall, Marty and Brown, Larry},
  publisher = {Prentice Hall},
  title     = {Core web programming},
  year      = {2001},
  address   = {Upper Saddle River},
  edition   = {2},
}

@Book{halliday1996fisica,
  author     = {Halliday, D. and Resnick, R. and Krane, K. S.},
  publisher  = {LTC},
  title      = {Física {III} e {IV}},
  year       = {1996},
  address    = {Rio de Janeiro},
  edition    = {4},
  translator = {Silva, Denise Helena Sotero da},
}

@Book{halliday1993fundamentos,
  author     = {Halliday, D. and Resnick, R. and Walker, J.},
  publisher  = {LTC},
  title      = {Fundamentos de {Física}: mecânica},
  year       = {1993},
  address    = {Rio de Janeiro},
  edition    = {4},
  translator = {Costamilan, Gerson Bazo},
}

@Book{halliday2012fundamentos,
  author    = {Halliday, D. and Resnick, R. and Walker, J.},
  publisher = {GEN/LTC},
  title     = {Fundamentos de {Física}: volume 1, {Mecânica}},
  year      = {2012},
  edition   = {9},
}

@Book{hamblen2008rapid,
  author    = {Hamblen, J. O. and Hall, T. S. and Furman, M. D.},
  publisher = {Springer},
  title     = {Rapid prototyping of digital systems},
  year      = {2008},
  address   = {New York},
  isbn      = {978038772670},
}

@Book{han2011data,
  author    = {Han, J. and Kamber, M. and Pei, J.},
  publisher = {Morgan Kaufmann},
  title     = {Data {Mining}: {Concepts} and {Techniques}},
  year      = {2011},
  address   = {San Francisco},
  edition   = {3},
}

@Book{harisson2015next,
  author    = {Harisson, Guy},
  publisher = {Apress},
  title     = {Next {Generation} {Databases}: {NoSQL}, {NewSQL} and {Big} {Data}},
  year      = {2015},
  isbn      = {978-1-4842-1329-2},
}

@Book{harris2007digital,
  author    = {Harris, D. M. and Harris, S. L.},
  publisher = {Elsevier},
  title     = {Digital design and computer architecture},
  year      = {2007},
  address   = {San Frascisco},
  isbn      = {978-0-12-370497-9},
}

@Book{harris2001skew,
  author    = {Harris, D.},
  publisher = {Morgan Kaufmann},
  title     = {Skew-tolerant {Circuit} {Design}},
  year      = {2001},
  address   = {San Francisco},
}

@Book{haytjr2008analise,
  author    = {Hayt Jr, W. H. and Kemmerly, J. E. and Durbin, Steven M.},
  publisher = {McGraw-Hill do Brasil},
  title     = {Análise de circuitos em engenharia},
  year      = {2008},
  address   = {São Paulo},
  edition   = {7},
}

@Book{hayt1984electronic,
  author    = {Hayt, W. H. and Neudeck, G. W.},
  publisher = {Wiley},
  title     = {Electronic {Circuit} {Analysis} and {Design}},
  year      = {1984},
  edition   = {2},
}

@Book{hemerly2011controle,
  author    = {Hemerly, E. M.},
  publisher = {Blucher},
  title     = {Controle por computador de sistemas dinâmicos},
  year      = {2011},
  address   = {São Paulo},
  edition   = {2},
  isbn      = {978-85-212-0266-0},
}

@Book{hennessy2003arquitetura,
  author    = {Hennessy, J. L. and Patterson, D. A.},
  publisher = {Campus},
  title     = {Arquitetura de computadores: uma abordagem quantitativa},
  year      = {2003},
  address   = {Rio de Janeiro},
  edition   = {3},
  isbn      = {85-352-1110-1},
}

@Book{heuser2009projeto,
  author    = {Heuser, C. A.},
  publisher = {Bookman},
  title     = {Projeto de banco de dados},
  year      = {2009},
  address   = {Porto Alegre, RS},
  edition   = {6},
  isbn      = {978-85-7780-382-8},
  series    = {Série {Livros} {Didáticos} {Informática} {UFRGS}},
  volume    = {4},
}

@Book{hillier2006introducao,
  author    = {Hillier, F. S. and Lieberman, G. J.},
  publisher = {McGraw Hill},
  title     = {Introdução à {Pesquisa} {Operacional}},
  year      = {2006},
  address   = {São Paulo},
  edition   = {8},
  isbn      = {85-86804-68-1},
}

@Book{hoel1978introducao,
  author    = {Hoel, P. G. and Port, S. C. and Stone, C. J.},
  publisher = {Ed. Interciência},
  title     = {Introdução à {Teoria} da {Probabilidade}},
  year      = {1978},
}

@Book{hoffman1979algebra,
  author    = {Hoffman, K. and Kunze, R.},
  publisher = {Livros Técnicos e Científicos},
  title     = {Álgebra linear},
  year      = {1979},
  address   = {Rio de Janeiro},
  edition   = {2},
}

@Book{holloway2006introducao,
  author    = {Holloway, J. P.},
  publisher = {LTC},
  title     = {Introdução a programação para engenharia: resolvendo problemas com algoritmos},
  year      = {2006},
  address   = {Rio de Janeiro},
  isbn      = {85-216-1453-5},
}

@Book{holt2013sysml,
  author    = {Holt, J. and Perry, S.},
  publisher = {Institution of Engineering and Technology},
  title     = {{SysML} for {Systems} {Engineering}: {A} {Model}-{Based} {Approach}},
  year      = {2013},
  address   = {Stevenage},
  edition   = {2},
  isbn      = {978-1-84919-651-2},
  series    = {Professional {Applications} of {Computing} {Series}},
  volume    = {7},
}

@Book{hopcroft2003introducao,
  author    = {Hopcroft, J. E. and Motwani, R. and Ullman, J. D.},
  publisher = {Editora Campus},
  title     = {Introdução à {Teoria} de {Autômatos}, {Linguagens} e {Computação}},
  year      = {2003},
  address   = {Rio de Janeiro},
}

@Book{humes1984nocoes,
  author    = {Humes, et al.},
  publisher = {MacGraw-Hill},
  title     = {Noções de {Cálculo} {Numérico}},
  year      = {1984},
}

@Book{humphrey1995discipline,
  author    = {Humphrey, W. S.},
  publisher = {Addison-Wesley},
  title     = {A discipline for software engineering},
  year      = {1995},
  isbn      = {0-201-54610-8},
  series    = {{SEI} {Series} in {Software} {Engineering}},
}

@Book{hyde2003art,
  author    = {Hyde, R.},
  publisher = {No Starch Press},
  title     = {The art of assembly language},
  year      = {2003},
  address   = {San Frascisco},
  isbn      = {1-886411-97-2},
}

@Book{icse2015systems,
  author  = {{INCOSE (International Council on Systems Engineering)}},
  editor  = {Walden, David D. and Roedler, Garry J. and Forsberg, Kevin J. and Hamelin, R. Douglas and Shortell, Thomas M.},
  title   = {Systems {Engineering} {Handbook}: {A} {Guide} for {System} {Life} {Cycle} {Processes} and {Activities}},
  year    = {2015},
  edition = {4},
}

@Misc{inmetro2012avaliacao,
  author    = {{INMETRO}},
  note      = {Edition: 1 Issue: GUM 2008 Place: Duque de Caxias RJ Type: Norma},
  title     = {Avaliação de dados de medição: guia para a expressão de incerteza de medição},
  year      = {2012},
  publisher = {INMETRO/CICMA/SEPIN},
  url       = {https://www.gov.br/inmetro/pt-br/centrais-de-conteudo/publicacoes/documentos-tecnicos-em-metrologia/gum_final.pdf/@@download/file},
}

@Book{inmetro2007vocabulario,
  author    = {{INMETRO}},
  publisher = {Editiora SENAI},
  title     = {Vocabulário internacional de termos fundamentais e gerais de {Metrologia}: portaria {INMETRO} nº 029 de 1995},
  year      = {2007},
  address   = {Rio de Janeiro},
  edition   = {5},
}

@Book{institutosocioambiental2005almanaque,
  author    = {{INSTITUTO SOCIOAMBIENTAL}},
  publisher = {ISA},
  title     = {Almanaque {Brasil} socioambiental: uma nova perspectiva para entender o pais e melhorar nossa qualidade de vida},
  year      = {2005},
  address   = {São Paulo},
  isbn      = {85-85994-30-4},
}

@Book{irvine2007assembly,
  author    = {Irvine, Kip R.},
  publisher = {Prentice Hall},
  title     = {Assembly language for intel-based computers},
  year      = {2007},
  address   = {Upper Saddle River},
  edition   = {5},
  isbn      = {0-13-238310-1},
}

@Book{irwin2003analise,
  author    = {Irwin, J. D.},
  publisher = {LTC},
  title     = {Análise básica de circuitos para engenharia},
  year      = {2003},
  address   = {Rio de Janeiro},
  edition   = {7},
}

@Book{isermann1991digital,
  author    = {Isermann, R.},
  publisher = {Springer-Verlag},
  title     = {Digital control systems},
  year      = {1991},
  address   = {Berlin},
  edition   = {2},
  isbn      = {3-540-50997-6},
}

@Book{jain1989fundamentals,
  author    = {Jain, A. K.},
  publisher = {Prentice-Hall},
  title     = {Fundamentals of {Digital} {Image} {Processing}},
  year      = {1989},
  address   = {Upper Saddle River},
}

@Book{johnson1999electric,
  author    = {Johnson, D. E. and Johnson, J. R. and Hilburn, J. L. and Scott, P. D.},
  publisher = {John Wiley \& Sons},
  title     = {Electric circuit analysis},
  year      = {1999},
  edition   = {3},
}

@Book{johnsonjr2003telecommunication,
  author    = {Johnson Jr, C. R. and Sethares, W. A.},
  publisher = {Pearson-Prentice Hall},
  title     = {Telecommunication {Breakdown} - {Concepts} of {Communication} {Transmitted} via {Software} {Defined} {Radio}},
  year      = {2003},
  isbn      = {0-13-143047-5},
}

@Book{jurafsky2023speech,
  author    = {Jurafsky, D. and Martin, J. H.},
  publisher = {Prentice Hall PTR},
  title     = {Speech and {Language} {Processing}: {An} {Introduction} to {Natural} {Language} {Processing}, {Computational} {Linguistics}, and {Speech} {Recognition}},
  year      = {2023},
  address   = {USA},
  edition   = {3},
}

@Book{kaebler2017learning,
  author    = {Kaebler, A. and Bradski, G.},
  publisher = {O'Reilly},
  title     = {Learning {OpenCV} - {Computer} {Vision} in {C}++ with the {OpenCV} library},
  year      = {2017},
  address   = {Sebastopol},
  edition   = {1},
}

@Book{karnopp2012system,
  author    = {Karnopp, D. C. and Margolis, D. L. and Rosenberg, R. C.},
  publisher = {Wiley},
  title     = {System {Dynamics}: {Modeling}, {Simulation}, and {Control} of {Mechatronic} {Systems}},
  year      = {2012},
  edition   = {5},
  isbn      = {0-470-88908-X},
}

@Misc{kastnerarithmetic,
  author = {Kastner, R.},
  note   = {ISBN: 9780511712180},
  title  = {Arithmetic optimization techniques for hardware and software design},
}

@Book{kato2023projeto,
  author    = {Kato, E. R. R.},
  publisher = {UFSCar},
  title     = {Projeto com {Controlador} {Lógico} {Programável} ({CLP}) - {Utilizando} {Modelagem} em {Redes} de {Petri}},
  year      = {2023},
  address   = {São Carlos SP},
  edition   = {1},
  isbn      = {978-65-88873-19-9},
  volume    = {1},
}

@Book{katz2015introduction,
  author    = {Katz, J.},
  publisher = {CRC Press},
  title     = {Introduction to {Modern} {Cryptography}},
  year      = {2015},
}

@Book{keller1999fisica,
  author    = {Keller, F. J. and Gettys, W. E. and Skove, M. J.},
  publisher = {Makron Books},
  title     = {Física},
  year      = {1999},
  address   = {São Paulo},
}

@Book{khandpur2006printed,
  author    = {Khandpur, R. S.},
  publisher = {McGraw-Hill},
  title     = {Printed {Circuit} {Boards}, {Design}, {Fabrication}, {Assembly} and {Testing}},
  year      = {2006},
}

@Book{kim2016devops,
  author    = {Kim, G. and Debois, P. and Willis, J. and Humble, J.},
  publisher = {IT Revolution},
  title     = {The {DevOps} {Handbook}: {How} to {Create} {World}-{Class} {Agility}, {Reliability}, and {Security} in {Technology} {Organizations}},
  year      = {2016},
}

@Book{kirner1988sistemas,
  author    = {Kirner, C. and Mendes, S. B. T.},
  publisher = {Campus},
  title     = {Sistemas operacionais distribuídos: aspectos gerais e análise de sua estrutura},
  year      = {1988},
  address   = {Rio de Janeiro},
  isbn      = {85-7001-475},
}

@Book{kleinberg2013algorithm,
  author    = {Kleinberg, J. and Tardos, E.},
  publisher = {Pearson Education Limited},
  title     = {Algorithm {Design}},
  year      = {2013},
  edition   = {Pearson New International Edition},
  isbn      = {978-1-292-03704-2},
}

@Book{kleinberg2005algorithm,
  author    = {Kleinberg, J. and Tardos, É.},
  publisher = {Addison-Wesley},
  title     = {Algorithm {Design}},
  year      = {2005},
  address   = {Boston},
}

@Book{kluever2015dynamic,
  author    = {Kluever, C.},
  publisher = {Wiley},
  title     = {Dynamic {Systems}: {Modeling}, {Simulation}, and {Control}},
  year      = {2015},
  edition   = {1},
  isbn      = {1-118-28945-5},
}

@Book{koche2011fundamentos,
  author    = {Koche, J. C.},
  publisher = {Vozes},
  title     = {Fundamentos de metodologia científica: teoria da ciência e iniciação à pesquisa},
  year      = {2011},
  address   = {Petrópolis, RJ},
  edition   = {29},
  isbn      = {978-85-326-1804-7},
}

@Book{kordon2013embedded,
  author  = {Kordon, F. and Hugues, J. and Canals, A. and Dohet, A.},
  title   = {Embedded {Systems}: {Analysis} and {Modeling} with {SysML}, {UML} and {AADL}},
  year    = {2013},
  edition = {1},
}

@Book{kuo1992digital,
  author    = {Kuo, B. C.},
  publisher = {Saunders College Publishing},
  title     = {Digital control systems},
  year      = {1992},
  address   = {Ft. Worth},
  edition   = {2},
  isbn      = {0-03-012884-6},
  series    = {{HRW} {Series} in {Electrical} {Engineering}},
}

@Book{kurose2014redes,
  author    = {Kurose, J. F. and Ross, K. W.},
  publisher = {Pearson Addison Wesley},
  title     = {Redes de {Computadores} e a {Internet}: {Uma} abordagem top-down},
  year      = {2014},
  edition   = {6},
}

@Book{lacerda2013tenho,
  author    = {Lacerda, C. B. F. de and Santos, L. F. dos},
  publisher = {EDUFSCar},
  title     = {Tenho um aluno surdo, e agora? {Introdução} à {Libras} e {Educação} de surdos},
  year      = {2013},
  address   = {São Carlos},
}

@Book{lacerda2000surdez,
  author    = {Lacerda, C. B. F. and Goes, M. C. R.},
  publisher = {Lovise},
  title     = {Surdez: {Processos} {Educativos} e {Subjetividade}},
  year      = {2000},
}

@Book{lachteramacher2013pesquisa,
  author    = {Lachteramacher, G.},
  publisher = {Pearson Prentice Hall},
  title     = {Pesquisa {Operacional} na {Tomada} de {Decisões}},
  year      = {2013},
  address   = {São Paulo},
  edition   = {4},
  isbn      = {978-85-7605-093-3},
}

@Book{lakatos2010fundamentos,
  author    = {Lakatos, E. M. and Marconi, M. de A.},
  publisher = {Atlas},
  title     = {Fundamentos de metodologia científica},
  year      = {2010},
  address   = {Sao Paulo},
  edition   = {7},
  isbn      = {978-85-224-5758-8},
}

@Book{lala2001self,
  author    = {Lala, P. K.},
  publisher = {Morgan Kaufmann},
  title     = {Self-checking and {Fault}-tolerant {Digital} {Design}},
  year      = {2001},
  address   = {San Francisco},
}

@Book{lang1971algebra,
  author    = {Lang, S.},
  publisher = {Edgard Blucher},
  title     = {Álgebra linear},
  year      = {1971},
  address   = {São Paulo},
}

@Book{langsam1996data,
  author    = {Langsam, Y. and Augenstein, M. J. and Tenenbaum, A. M.},
  publisher = {Prentice Hall},
  title     = {Data structures using {C} and {C}++},
  year      = {1996},
  address   = {Upper Saddle River},
  edition   = {2},
}

@Book{larman2006utilizando,
  author    = {Larman, C.},
  publisher = {Bookman},
  title     = {Utilizando {UML} e {Padrões}: uma introdução à análise e ao projeto orientados a objetos e ao desenvolvimento iterativo},
  year      = {2006},
  address   = {Porto Alegre},
  edition   = {3},
  isbn      = {85-60031-52-9},
}

@Book{lastovetsky2009high,
  author    = {Lastovetsky, A. L. and Dongarra, J. J.},
  publisher = {Wiley},
  title     = {High-performance heterogeneous computing},
  year      = {2009},
  address   = {Hoboken, N.J.},
  isbn      = {978-0-470-04039-3},
  series    = {Wiley {Series} on {Parallel} and {Distributed} {Computing}},
}

@Book{lathi2007sinais,
  author    = {Lathi, B. P.},
  publisher = {Bookman},
  title     = {Sinais e sistemas lineares},
  year      = {2007},
  address   = {Porto Alegre, RS},
  edition   = {2},
  isbn      = {978-85-60031-13-9},
}

@Book{lavalle2006planning,
  author    = {Lavalle, S.},
  publisher = {Cambridge University Press},
  title     = {Planning {Algorithms}},
  year      = {2006},
}

@Book{lawson2011introducao,
  author    = {Lawson, B.},
  publisher = {Alta Books},
  title     = {Introdução ao {HTML} 5},
  year      = {2011},
  address   = {Rio de Janeiro},
}

@Book{lecheta2013google,
  author    = {Lecheta, R. R.},
  publisher = {Novatec},
  title     = {Google {Android}: aprenda a criar aplicações para dispositivos móveis com o {Android} {SDK}.},
  year      = {2013},
  address   = {São Paulo},
  edition   = {3},
}

@Book{lee1999principles,
  author    = {Lee, K.},
  publisher = {Addison-Wesley},
  title     = {Principles of {CAD}/{CAM}/{CAE} {Systems}},
  year      = {1999},
}

@Book{lee2015aplicacoes,
  author    = {Lee, V. and Scheneider, H. and Schell, R.},
  publisher = {Pearson Education: Makron Books},
  title     = {Aplicações móveis: arquitetura, projeto e desenvolvimento},
  year      = {2015},
  address   = {São Paulo},
}

@Misc{lehman2017mathematics,
  author = {Lehman, E. and Leighton, F. T. and Meyer, A. R.},
  title  = {Mathematics for {Computer} {Science}},
  year   = {2017},
  url    = {https://courses.csail.mit.edu/6.042/spring17/mcs.pdf},
}

@Book{leithold1982calculo,
  author    = {Leithold, L.},
  publisher = {Harbra},
  title     = {Cálculo com {Geometria} {Analítica}},
  year      = {1982},
  address   = {São Paulo},
  edition   = {2},
  volume    = {2},
}

@Book{leithold1991calculo,
  author    = {Leithold, L.},
  publisher = {Harbra},
  title     = {O cálculo com geometria analítica},
  year      = {1991},
  address   = {São Paulo},
  edition   = {3},
  volume    = {1},
}

@Book{lemahieu2018principles,
  author    = {Lemahieu, W. and Vanden Broucke, S. and Baesens, B.},
  publisher = {Cambridge University Press},
  title     = {Principles of {Database} {Management}: {The} {Practical} {Guide} to {Storing}, {Managing} and {Analyzing} {Big} and {Small} {Data}.},
  year      = {2018},
  isbn      = {1-107-18612-9},
}

@Book{lemos2005direito,
  author    = {Lemos, R.},
  publisher = {Ed. FGV},
  title     = {Direito, tecnologia e cultura.},
  year      = {2005},
  address   = {Rio de Janeiro},
  isbn      = {85-225-0516-0},
}

@Book{levada2010fundamentos,
  author = {Levada, A. L. M.},
  title  = {Fundamentos de lógica matemática},
  year   = {2010},
  series = {Coleção {UAB}-{UFSCar}, {Sistemas} de {Informação}},
}

@Book{levine2008estatistica,
  author    = {Levine, D. C. et al.},
  publisher = {LTC},
  title     = {Estatística: {Teoria} e {Aplicações}},
  year      = {2008},
  address   = {Rio de Janeiro},
  edition   = {5},
}

@Book{lewis2004elementos,
  author    = {Lewis, H. R. and Papadimitriou, C. H.},
  publisher = {Bookman},
  title     = {Elementos de {Teoria} da {Computação}},
  year      = {2004},
  address   = {Porto Alegre},
  edition   = {2},
}

@Book{lima2001algebra,
  author    = {Lima, E. L.},
  publisher = {IMPA},
  title     = {Álgebra linear},
  year      = {2001},
  address   = {Rio de Janeiro},
  edition   = {5},
  series    = {Coleção {Matemática} {Universitária}},
}

@Book{lima1989curso,
  author    = {Lima, E. L.},
  publisher = {IMPA},
  title     = {Curso de análise.},
  year      = {1989},
  address   = {Rio de Janeiro},
  series    = {Projeto {Euclides}},
  volume    = {2},
}

@Book{lima2001geometria,
  author    = {Lima, E. L.},
  publisher = {IMPA},
  title     = {Geometria analítica e álgebra {Linear}},
  year      = {2001},
}

@Book{lin2009principles,
  author    = {Lin, C. and Snyder, L.},
  publisher = {Pearson Addison Wesley},
  title     = {Principles of {Parallel} {Programming}},
  year      = {2009},
  address   = {Boston},
}

@Article{lin2010data,
  author  = {Lin, J. and Dyer, C.},
  journal = {Synthesis Lectures on Human Language Technologies},
  title   = {Data-intensive text processing with {MapReduce}},
  year    = {2010},
  number  = {1},
  pages   = {1--177},
  volume  = {3},
}

@Book{lippert2006refactoring,
  author    = {Lippert, M. and Roock, S.},
  publisher = {John Wiley \& Sons},
  title     = {Refactoring in large software projects},
  year      = {2006},
  address   = {Chichester},
  isbn      = {978-0-470-85892-9},
}

@Article{lodi2004leitura,
  author = {Lodi, A. C. B.},
  title  = {Uma leitura enunciativa da {Língua} {Brasileira} de {Sinais}: o gênero contos de fadas},
  year   = {2004},
  note   = {Place: São Paulo},
  number = {2},
  pages  = {281--310},
  volume = {20},
}

@Book{lopes2002introducao,
  author    = {Lopes, A. and Garcia, G.},
  publisher = {Elsevier},
  title     = {Introdução à programação: 500 algoritmos resolvidos},
  year      = {2002},
  address   = {Rio de Janeiro},
  isbn      = {978-85-352-1019-4},
}

@Book{louden2004compiladores,
  author    = {Louden, K. C.},
  publisher = {Pioneira Thomson Learning},
  title     = {Compiladores: princípios e práticas.},
  year      = {2004},
  address   = {São Paulo},
  isbn      = {85-221-0422-0},
}

@Book{loy2006musimathics,
  author    = {Loy, G.},
  publisher = {The MIT Press},
  title     = {Musimathics: the mathematical foundations of music},
  year      = {2006},
  address   = {Cambridge, MA},
  volume    = {1, 2},
}

@Book{luckow2015programacao,
  author    = {Luckow, D. H. and de Melo, A. A.},
  publisher = {Novatec},
  title     = {Programação {Java} para a {Web}},
  year      = {2015},
  edition   = {2},
}

@Book{luger2005artificial,
  author    = {Luger, G. F.},
  publisher = {Addison Wesley Longman},
  title     = {Artificial intelligence: {Structures} and strategies for complex problem solving},
  year      = {2005},
  address   = {Harlow},
  edition   = {5},
  isbn      = {0-321-26318-9},
}

@Book{machado2007arquitetura,
  author    = {Machado, F. B. and Maia, L. P.},
  publisher = {LTC},
  title     = {Arquitetura de {Sistemas} {Operacionais}},
  year      = {2007},
  edition   = {4},
  isbn      = {85-216-1548-5},
}

@Book{machado2008politica,
  author    = {Machado, P.},
  publisher = {Editora UFSC},
  title     = {A política educacional de integração/inclusão: um olhar do egresso surdo},
  year      = {2008},
}

@Book{magalhaes2002nocoes,
  author    = {Magalhaes, M. N. and Lima, A. C. P.},
  publisher = {EDUSP},
  title     = {Noções de {Probabilidade} e {Estatística}},
  year      = {2002},
  address   = {São Paulo},
  edition   = {4},
}

@Book{mak2009writing,
  author    = {Mak, R.},
  publisher = {Wiley Publishing},
  title     = {Writing compilers and interpreters: a modern software engineering approach using {Java}.},
  year      = {2009},
  address   = {Indianapolis, IN},
  edition   = {3},
  isbn      = {978-0-470-17707-5},
}

@Book{malvino2007eletronica,
  author    = {Malvino, A. P. and Bates, D. J.},
  publisher = {AMGH Editora},
  title     = {Eletrônica},
  year      = {2007},
  address   = {Porto Alegre, RS},
  edition   = {7},
}

@Book{manning1999foundations,
  author    = {Manning, C. D. and Schütze, H.},
  publisher = {mitpress},
  title     = {Foundations of statistical natural language processing},
  year      = {1999},
  address   = {Cambridge, USA},
}

@Book{markus2011circuitos,
  author    = {Markus, O.},
  publisher = {Érica},
  title     = {Circuitos elétricos: corrente contínua e corrente alternada: teoria e exercícios},
  year      = {2011},
  address   = {São Paulo},
  edition   = {9},
}

@Book{marwedel2018embedded,
  author  = {Marwedel, P.},
  title   = {Embedded {System} {Design}: {Embedded} {Systems} {Foundations} of {Cyber}-{Physical} {Systems} and the {Internet} of {Things}},
  year    = {2018},
  edition = {3},
}

@InCollection{marz2014new,
  author    = {Marz, N. and Warren, J.},
  booktitle = {Big {Data}: {Principles} and best practices of scalable real-time data systems},
  publisher = {Manning Publications},
  title     = {A new paradigm for {Big} {Data}},
  year      = {2014},
  address   = {Shelter Island},
}

@Book{masiero2000etica,
  author    = {Masiero, P. C.},
  publisher = {EDUSP},
  title     = {Ética em computação},
  year      = {2000},
  address   = {São Paulo},
  isbn      = {85-314-0575-0},
}

@Book{matos2001series,
  author    = {Matos, P. M.},
  publisher = {Printice Hall},
  title     = {Séries e {Equações} {Diferenciais}},
  year      = {2001},
  address   = {São Paulo},
  edition   = {1},
}

@Book{mattar2011metodologia,
  author    = {Mattar, J.},
  publisher = {Saraiva},
  title     = {Metodologia científica na era da informática},
  year      = {2011},
  address   = {São Paulo},
  edition   = {3},
  isbn      = {978-85-02-06447-8},
}

@Book{mason2001mechanics,
  author    = {Mason, Matthew T.},
  publisher = {MIT Press},
  title     = {Mechanics of {Robotic} {Manipulation}},
  year      = {2001},
  isbn      = {0-262-13396-2},
}

@Book{maturana2001arvore,
  author    = {Maturana, H. R. and Varela Garcia, F. J.},
  publisher = {Palas Athena},
  title     = {A árvore do conhecimento: as bases biológicas da compreensão humana.},
  year      = {2001},
  address   = {São Paulo},
  isbn      = {85-7242-032-0},
}

@Book{mead2017cyber,
  author    = {Mead, N. R. and Woody, C. C.},
  publisher = {Addison-Wesley},
  title     = {Cyber {Security} {Engineering} – {A} {Practical} {Approach} for {Systems} and {Software} {Assurance}},
  year      = {2017},
}

@Book{melloneto2002empreendedorismo,
  author    = {Mello Neto, F. P. de and Froes, Cesar.},
  publisher = {Qualitymark},
  title     = {Empreendedorismo social: a transição para a sociedade sustentável.},
  year      = {2002},
  address   = {Rio de Janeiro},
  isbn      = {208857303372X},
}

@Book{mendenhall1985probabilidade,
  author    = {Mendenhall, W.},
  publisher = {Ed. Campus},
  title     = {Probabilidade e estatistica},
  year      = {1985},
  address   = {Rio de Janeiro, RJ},
}

@Book{menezes201introducao,
  author    = {Menezes, N. N. C.},
  publisher = {Novatec},
  title     = {Introdução à programação com {Python}: algoritmos e lógica de programação para iniciantes.},
  year      = {201},
  address   = {São Paulo},
  edition   = {2},
}

@Book{menezes2010linguagens,
  author    = {Menezes, P. B.},
  publisher = {Bookman},
  title     = {Linguagens {Formais} e {Autômatos}},
  year      = {2010},
  address   = {Porto Alegre},
  edition   = {6},
}

@Misc{mdemdecreto,
  author = {{MINISTÉRIO DA EDUCAÇÃO- MEC}},
  title  = {Decreto nº 5626 de 22/12/2005},
  annote = {Regulamenta a Lei nº 10436 de 24 de abril de 2002, que dispõe sobre a Língua Brasileira de Sinais e o art.18 da Lei nº 10098 de 19/12/2000.},
}

@Book{mitchell1997machine,
  author    = {Mitchell, T. M.},
  publisher = {MCB/McGraw-Hill},
  title     = {Machine learning},
  year      = {1997},
  address   = {Boston},
  isbn      = {0-07-042807-7},
  series    = {{McGraw}-{Hill} {Series} in {Computer} {Science}},
}

@Book{mitkov2003oxford,
  author    = {Mitkov, R.},
  publisher = {Oxford University Press},
  title     = {The {Oxford} handbook of {Computational} {Linguistics}},
  year      = {2003},
  address   = {[s.l.]},
}

@Book{mixon2008feature,
  author    = {Mixon, M. and Aguado, A. S.},
  publisher = {Academic Press},
  title     = {Feature {Extraction} \& {Image} {Processing} for {Computer} {Vision}},
  year      = {2008},
  edition   = {2},
}

@Book{monteiro1970algebra,
  author    = {Monteiro, L. H. J.},
  publisher = {Nobel},
  title     = {Álgebra linear},
  year      = {1970},
  address   = {São Paulo},
}

@Book{montgomery2003estatistica,
  author    = {Montgomery, D. C. and Runger, G. C.},
  publisher = {LTC Editora},
  title     = {Estatística {Aplicada} e {Probabilidade} para {Engenheiros}},
  year      = {2003},
  address   = {Rio Janeiro},
  edition   = {2},
}

@Book{montgomery2013estatistica,
  author    = {Montgomery, D. C. and Runger, G. C.},
  publisher = {LTC Editora},
  title     = {Estatística {Aplicada} e {Probabilidade} para {Engenheiros}},
  year      = {2013},
  address   = {Rio Janeiro},
  edition   = {5},
}

@Book{moore2005estatistica,
  author    = {Moore, D.},
  publisher = {Editora LTC},
  title     = {A {Estatística} {Básica} e {Sua} {Prática}},
  year      = {2005},
  address   = {Rio de Janeiro},
}

@Book{moore1990elements,
  author    = {Moore, F. R.},
  publisher = {Prentice Hall},
  title     = {Elements of {Computer} {Music}},
  year      = {1990},
  address   = {Upper Saddle River, NJ},
}

@Book{moraes2012engenharia,
  author    = {Moraes, C. C.},
  publisher = {LTC},
  title     = {Engenharia de automação industrial},
  year      = {2012},
  address   = {Rio de Janeiro},
  edition   = {2},
  isbn      = {978-85-216-1532-3},
}

@Book{moreiraneto2006entendendo,
  author    = {Moreira Neto, Oziel.},
  publisher = {Digerati Books},
  title     = {Entendendo e dominando o {Java} para internet: desenvolva aplicativos {Java} para a web.},
  year      = {2006},
  address   = {São Paulo},
}

@Book{morettin2004estatistica,
  author    = {Morettin, P. A. and Bussab, W. O.},
  publisher = {Saraiva},
  title     = {Estatística {Básica}},
  year      = {2004},
  address   = {São Paulo},
  edition   = {5},
}

@Book{morettin2011estatistica,
  author    = {Morettin, P. A. and Bussab, W. O.},
  publisher = {Saraiva},
  title     = {Estatística {Básica}},
  year      = {2011},
  address   = {São Paulo},
  edition   = {7},
}

@Book{moura2000surdo,
  author    = {Moura, M. C.},
  publisher = {Revinter e FAPESP},
  title     = {O surdo: caminhos para uma nova identidade},
  year      = {2000},
}

@Book{murray1994mathematical,
  author    = {Murray, Richard M. and Li, Zexiang and Sastry, S. Shankar.},
  publisher = {CRC Press},
  title     = {A mathematical introduction to robotic manipulation.},
  year      = {1994},
  address   = {Boca Raton, Fla.},
  isbn      = {0-8493-7981-4},
}

@Book{nasse2016handbook,
  author = {{NASA (National Aeronautics and Space Administration). Systems Engineering}},
  title  = {Handbook: {NASA}/{SP}-2016-6105 {Rev2}},
  year   = {2016},
  series = {Space {Science} {Library}},
}

@Book{navabi2005digital,
  author    = {Navabi, Z.},
  publisher = {Ed. Kap},
  title     = {Digital {Design} and {Implementation} with {Field} {Programmable} {Devices}},
  year      = {2005},
}

@Book{neimanambiente,
  author    = {Neiman, Z. and Motta, C. P. Da.},
  publisher = {Atual},
  title     = {O ambiente construído},
  address   = {São Paulo},
  isbn      = {85-7056-371-X},
  series    = {Educação {Ambiental}},
}

@Book{nelson1995digital,
  author    = {Nelson, V. P. and Nagle, H. T. and Carroll, B. D. and Irwin, D.},
  publisher = {Prentice Hall},
  title     = {Digital {Logic} {Circuit} {Analysis} and {Design}},
  year      = {1995},
  address   = {Upper Saddle River},
  edition   = {1},
}

@Misc{nemadi2010applied,
  author = {Nemadi, H. R. and Yang, L.},
  title  = {Applied {Cryptography} for {Cyber} {Security} and {Defense}: {Information} {Encryption} and {Cyphering}},
  year   = {2010},
  annote = {Premier Reference Source},
}

@Book{nemhauser2014integer,
  author = {Nemhauser, G. and Wolsey, L.},
  title  = {Integer and {Combinatorial} {Optimization}},
  year   = {2014},
}

@Book{neto2016introducao,
  author    = {Neto, J. J.},
  publisher = {Elsevier},
  title     = {Introdução à {Compilação}},
  year      = {2016},
  address   = {Rio de Janeiro},
  edition   = {2},
  isbn      = {978-85-352-7810-1},
}

@Book{nichols1999icsa,
  author    = {Nichols, Randall K.},
  publisher = {McGraw-Hill},
  title     = {{ICSA} guide to cryptography},
  year      = {1999},
  address   = {New York},
  isbn      = {0-07-913759-8},
}

@Book{nicolaidis2004ad,
  author    = {Nicolaidis, I. and Barbeau, M. and Kranakis, E.},
  publisher = {Heildelberg Springer-Verlag},
  title     = {Ad-{Hoc}, {Mobile} and {Wireless} {Networks}},
  year      = {2004},
  isbn      = {3-540-22543-9},
}

@Book{nicoletti2009cartilha,
  author    = {Nicoletti, M. C.},
  publisher = {EdUFSCar},
  title     = {A {Cartilha} da {Lógica}},
  year      = {2009},
  address   = {São Carlos},
  edition   = {2},
  series    = {Série de {Apontamentos}},
}

@Book{nicoletti2017cartilha,
  author    = {Nicoletti, M. do C.},
  publisher = {LTC},
  title     = {A {Cartilha} da {Lógica}},
  year      = {2017},
  edition   = {3},
  isbn      = {85-216-2693-2},
  ranking   = {rank2},
}

@Book{niku2013introducao,
  author    = {Niku, S. B.},
  publisher = {LTC},
  title     = {Introdução à robótica: análise, controle, aplicações.},
  year      = {2013},
  address   = {Rio de Janeiro},
  edition   = {2},
  isbn      = {978-85-216-2237-6},
}

@Book{nilsson2008electric,
  author    = {Nilsson, J. W. and Riedel, S. A.},
  publisher = {Pearson Prenttice Hall},
  title     = {Electric circuits},
  year      = {2008},
  address   = {Upper Saddle River},
  edition   = {8},
}

@Book{nise1995control,
  author    = {Nise, N. S.},
  publisher = {The Benjamin/Cummings},
  title     = {Control systems engineering},
  year      = {1995},
  address   = {Redwood City},
  edition   = {2},
  isbn      = {0-8053-5424-7},
}

@Book{northcutt2000network,
  author    = {Northcutt, S. and Novak, J. and McLachlan, D.},
  publisher = {New Riders},
  title     = {Network intrusion detection: an analyst's handbook},
  year      = {2000},
  address   = {Indianapolis},
  edition   = {2},
  isbn      = {0-7357-1008-2},
}

@Book{nussenzveig2002curso,
  author    = {Nussenzveig, Herch Moysés},
  publisher = {Editora Blucher},
  title     = {Curso de física básica: {Mecânica} (vol. 1)},
  year      = {2002},
}

@Book{nussenzveig1997curso,
  author    = {Nussenzveig, H. M.},
  publisher = {Edgard Blucher},
  title     = {Curso de {Física} {Básica}},
  year      = {1997},
  address   = {São Paulo},
  edition   = {1},
}

@Book{ogata2011engenharia,
  author    = {Ogata, K.},
  publisher = {Pearson},
  title     = {Engenharia de controle moderno},
  year      = {2011},
  address   = {São Paulo},
  edition   = {5},
  isbn      = {978-85-7605-810-6},
}

@Book{ogata2004system,
  author    = {Ogata, K.},
  publisher = {Pearson Prentice Hall},
  title     = {System dynamics},
  year      = {2004},
  address   = {Upper Saddle River, N.J.},
  edition   = {4},
  isbn      = {0-13-142462-9},
}

@Book{oklobdzija2017digital,
  editor    = {Oklobdzija, V. G.},
  publisher = {CRC Press},
  title     = {Digital {Design} and {Fabrication}},
  year      = {2017},
  address   = {Boca Raton},
}

@Book{openheim1989discrete,
  author    = {Openheim, A. V. and Schafer, R. W.},
  publisher = {Prentice-Hall},
  title     = {Discrete-{Time} {Signal} {Processing}},
  year      = {1989},
}

@Book{oppenheim1997signals,
  author    = {Oppenheim, A. V. and Willsky, A. S. and Nawab, S. H.},
  publisher = {Prentice Hall},
  title     = {Signals and {Systems}},
  year      = {1997},
  edition   = {2},
}

@Book{palmiii2013system,
  author    = {Palm III, W. J.},
  publisher = {McGraw Hill Education},
  title     = {System {Dynamics}},
  year      = {2013},
  edition   = {3},
  isbn      = {0-07-339806-3},
}

@Book{pangning2006introduction,
  author    = {Pang-Ning, T. and Steinbach, M. and Kumar, V.},
  publisher = {Pearson Education},
  title     = {Introduction data mining},
  year      = {2006},
  address   = {Boston},
  isbn      = {0-321-32136-7},
}

@Book{papadimitriou1998combinatorial,
  author    = {Papadimitriou, C. H. and Steiglitz, Kenneth},
  publisher = {Courier Corporation},
  title     = {Combinatorial {Optimization}: {Algorithms} and {Complexity}},
  year      = {1998},
}

@InCollection{parr2013definitive,
  author    = {Parr, T.},
  booktitle = {The {Pragmatic} {Bookshelf}},
  title     = {The {Definitive} {ANTLR} 4 {Reference}},
  year      = {2013},
  isbn      = {978-1-934356-99-9},
  pages     = {328 p.},
}

@Book{parrafilho2000apresentacao,
  author    = {Parra Filho, D. and Santos, J. A.},
  publisher = {Ed. Futura},
  title     = {Apresentação de trabalhos científicos: monografia, {TCC}, teses, dissertações},
  year      = {2000},
  address   = {São Paulo},
  edition   = {5},
  isbn      = {85-7413-027-3},
}

@Book{parrafilho2001metodologia,
  author    = {Parra Filho, D. and Santos, J. A.},
  publisher = {Ed. Futura},
  title     = {Metodologia científica},
  year      = {2001},
  address   = {São Paulo},
  edition   = {4},
  isbn      = {85-86082-81-3},
}

@Book{patterson2005organizacao,
  author    = {Patterson, D. A. and Hennessy, J. L.},
  publisher = {Elsevier},
  title     = {Organização e projeto de computadores: a interface harware/software},
  year      = {2005},
  address   = {Rio de Janeiro},
  edition   = {3},
  isbn      = {85-352-1521-2},
}

@Book{pedrini2008analise,
  author    = {Pedrini, H. and Robson, W.},
  publisher = {Thomson Learning},
  title     = {Análise de {Imagens} {Digitais}: {Princípios}, {Algoritmos} e {Aplicações}},
  year      = {2008},
  address   = {São Paulo},
}

@Book{petersoncomputer,
  author    = {Peterson, L. L. and Davie, B. S.},
  publisher = {Elsevier},
  title     = {Computer {Networks}: {A} {Systems} {Approach}},
  edition   = {5},
}

@Book{pfleeger2004engenharia,
  author    = {Pfleeger, S. L.},
  publisher = {Prentice Hall},
  title     = {Engenharia de software: teoria e prática},
  year      = {2004},
  address   = {São Paulo},
  edition   = {2},
  isbn      = {85-87918-31-1},
}

@Book{pickering1999como,
  author    = {Pickering, Peg},
  publisher = {Market Books},
  title     = {Como administrar conflitos profissionais: técnicas para transformar conflitos em resultados},
  year      = {1999},
  address   = {São Paulo},
  edition   = {10},
  isbn      = {85-87393-28-6},
}

@Book{pinho2017script,
  author    = {Pinho, D. M. ECMA},
  publisher = {Casa do Código},
  title     = {Script 6: {Entre} de cabeça no futuro do {JavaScript}},
  year      = {2017},
  isbn      = {978-85-5519-258-6},
}

@Book{pinto2009calculo,
  author    = {Pinto, D. and Ferreira Morgado, M.},
  publisher = {UFRJ},
  title     = {Cálculo {Diferencial} e {Integral} de {Funções} de {Várias} {Variáveis}},
  year      = {2009},
  edition   = {3},
}

@Book{pinto1997calculo,
  author    = {Pinto, D. and Morgado, M. C. F.},
  publisher = {UFRJ/SR-1},
  title     = {Cálculo diferencial e integral de funções de várias variáveis},
  year      = {1997},
}

@Book{pizzolato2010introducao,
  author    = {Pizzolato, E. B.},
  publisher = {EdUFSCar},
  title     = {Introdução à programação orientada a objetos com {C}++ e {Java}},
  year      = {2010},
}

@Book{pontes2018progressive,
  author    = {Pontes, G.},
  publisher = {Casa do Código},
  title     = {Progressive {Web} {Apps}: {Construa} aplicações progressivas com {React}},
  year      = {2018},
  isbn      = {978-85-94188-54-0},
}

@Book{prado2013alimentacao,
  author    = {Prado, S. D.},
  publisher = {CRV},
  title     = {Alimentação, consumo e cultura},
  year      = {2013},
  address   = {Curitiba},
  isbn      = {978-85-8042-779-0},
  series    = {Série {Sabor} {Metrópole} ; v. 1},
}

@Book{pressman2016engenharia,
  author    = {Pressman, R. S. and Maxim, B. R.},
  publisher = {AMGH},
  title     = {Engenharia de software: uma abordagem profissional},
  year      = {2016},
  address   = {Porto Alegre},
  edition   = {8},
  isbn      = {978-85-8055-533-2},
}

@Book{proakis2007digital,
  author    = {Proakis, J. G. and Manolakis, D. G.},
  publisher = {Pearson Prentice Hall},
  title     = {Digital {Signal} {Processing}: {Principles}, {Algorithms} and {Applications}},
  year      = {2007},
  edition   = {4},
}

@Book{proakis1992digital,
  author    = {Proakis, J. G. and Manolakis, D. G.},
  publisher = {MacMIllan},
  title     = {Digital {Signal} {Processing}: {Principles}, {Algorithms} and {Applications}},
  year      = {1992},
}

@Book{qing2003real,
  author    = {Qing, L. and Caroline, Y.},
  publisher = {CMP Books},
  title     = {Real-{Time} {Concepts} for {Embedded} {Systems}},
  year      = {2003},
  address   = {San Francisco},
  isbn      = {978-1-57820-124-2},
}

@Book{quadros2004lingua,
  author    = {Quadros, R. M. and Karnopp, L. B.},
  publisher = {Artes Médicas},
  title     = {Língua de {Sinais} {Brasileira}: estudos lingüísticos},
  year      = {2004},
  address   = {Porto Alegre},
}

@Book{quadros1997educacao,
  author    = {Quadros, R. M.},
  publisher = {Artes Médicas},
  title     = {Educação de {Surdos}: a aquisição da linguagem},
  year      = {1997},
  address   = {Porto Alegre},
}

@Book{quinn2004parallel,
  author    = {Quinn, M. J.},
  publisher = {McGraw-Hill Higher Education},
  title     = {Parallel {Programming}: in {C} with {MPI} and {OpenMP}},
  year      = {2004},
  address   = {Boston},
}

@Book{ramakrishnan2008sistemas,
  author    = {Ramakrishnan, R. and Gehrke, J.},
  publisher = {McGraw-Hill},
  title     = {Sistemas de gerenciamento de banco de dados},
  year      = {2008},
  address   = {São Paulo},
  edition   = {3},
  isbn      = {978-85-7726-027-0},
}

@Book{ramal2006como,
  author    = {Ramal, S. A.},
  publisher = {Elsevier},
  title     = {Como transformar seu talento em um negócio de sucesso: gestão de negócios para pequenos empreendimentos},
  year      = {2006},
  address   = {Rio de Janeiro},
  isbn      = {85-352-2111-5},
}

@Book{rapport2009comunicacoes,
  author    = {Rapport, T. S.},
  publisher = {Pearson-Prentice Hall},
  title     = {Comunicações sem {Fio}, {Princípios} e {Práticas}},
  year      = {2009},
  edition   = {2},
  isbn      = {978-85-7605-198-5},
}

@Book{ratner2003statistical,
  author    = {Ratner, B.},
  publisher = {Chapman \& Hall},
  title     = {Statistical modeling and analysis for database marketing: effective techniques for mining big data},
  year      = {2003},
  address   = {Boca Raton, Fla.},
  isbn      = {1-57444-344-5},
}

@Book{redmond2012seven,
  author    = {Redmond, E. and Wilson, J. R.},
  publisher = {Pragmatic Bookshelf},
  title     = {Seven {Databases} in {Seven} {Weeks}: {A} {Guide} to {Modern} {Databases} and the {NoSQL} {Movement}},
  year      = {2012},
  edition   = {1},
  isbn      = {1-934356-92-1},
}

@Book{rezende2005sistemas,
  author    = {Rezende, S.},
  publisher = {Manole},
  title     = {{SISTEMAS} inteligentes: fundamentos e aplicações},
  year      = {2005},
  address   = {Barueri},
  isbn      = {85-204-1683-7},
}

@Book{richards2015software,
  author    = {Richards, M.},
  publisher = {O´Reilly},
  title     = {Software {Architecture} {Patterns}},
  year      = {2015},
  annote    = {Livro disponível gratuitamente em http://www.oreilly.com/programming/free/files/software-architecture-patterns.pdf},
}

@Book{ries2012startup,
  author    = {Ries, E.},
  publisher = {Leya},
  title     = {A startup enxuta: como os empreendedores atuais utilizam a inovação continua para criar empresas extremamente bem-sucedidas},
  year      = {2012},
  address   = {São Paulo},
  isbn      = {978-85-8178-004-7},
}

@Book{road1996computer,
  author    = {Road, C.},
  publisher = {The MIT Press},
  title     = {The {Computer} {Music} {Tutorial}},
  year      = {1996},
  address   = {Cambridge, MA},
}

@Book{robbins1996practical,
  author    = {Robbins, K. A. and Robbins, S.},
  publisher = {Prentice-Hall},
  title     = {Practical {Unix} {Programming}: {A} {Guide} to {Concurrency}, {Communication}, and {Multithreading}},
  year      = {1996},
  address   = {Upper Saddle River},
}

@Book{rocha2003design,
  author  = {Rocha, H. and Baranauskas, M. C. C.},
  title   = {Design e {Avaliação} de {Interfaces} {Humano}-{Computador}},
  year    = {2003},
  address = {São Paulo - Escola Computação: IME - USP},
  isbn    = {85-88833-04-},
  volume  = {1},
}

@Book{rodrigues1994alimentacao,
  author    = {Rodrigues, R. M.},
  publisher = {Moderna},
  title     = {Alimentação e saúde},
  year      = {1994},
  address   = {São Paulo},
  isbn      = {85-16-01140-2},
  series    = {Coleção {Desafios} {Serie} {Teen}},
}

@Book{roederer1998introducao,
  author    = {Roederer, J. G.},
  publisher = {EdUSP},
  title     = {Introdução à física e a psicofísica da música},
  year      = {1998},
  address   = {São Paulo},
}

@Book{rogers2013design,
  author    = {Rogers, Y. and Preece, J. and Sharp, H.},
  publisher = {Bookman},
  title     = {Design de interação: além da interação homem-computador},
  year      = {2013},
  address   = {Porto Alegre, RS},
  edition   = {3},
  isbn      = {978-85-8260-006-1},
}

@Book{romerorobotica,
  author    = {Romero, R. A. R. and Prestes, E. and Osório, F. S. and Wolf, D. F.},
  publisher = {LTC},
  title     = {Robótica {Móvel}},
  isbn      = {978-85-216-2303-8},
}

@Book{roque2014automacao,
  author    = {Roque, L. A. O. L.},
  publisher = {LTC},
  title     = {Automação de processos com linguagem {Ladder} e sistemas supervisórios},
  year      = {2014},
  address   = {Rio de Janeiro},
  isbn      = {978-85-216-2522-3},
}

@Book{rosen2013discrete,
  author    = {Rosen, K. H.},
  publisher = {McGraw-Hill},
  title     = {Discrete {Mathematics} and its {Applications}},
  year      = {2013},
  edition   = {7},
}

@Book{rossiter2003model,
  author    = {Rossiter, J. A.},
  publisher = {CRC Press},
  title     = {Model-{Based} {Predictive} {Control}: {A} {Practical} {Approach}},
  year      = {2003},
  isbn      = {978-0-8493-1291-5},
}

@Book{rowe2001machine,
  author    = {Rowe, R.},
  publisher = {The MIT Press},
  title     = {Machine {Musicianship}},
  year      = {2001},
  address   = {Cambridge, MA},
}

@Book{rudin1976principles,
  author    = {Rudin, W.},
  publisher = {McGraw-Hill},
  title     = {Principles of mathematical analysis},
  year      = {1976},
  edition   = {3},
}

@Book{ruggiero1996calculo,
  author    = {Ruggiero, M. and Lopes, V. L.},
  publisher = {MacGraw-Hill},
  title     = {Cálculo {Numérico}: aspectos teóricos e computacionais},
  year      = {1996},
}

@Book{russell2010artificial,
  author    = {Russell, S. J. and Norvig, P.},
  publisher = {Prentice-Hall},
  title     = {Artificial intelligence: a modern approach},
  year      = {2010},
  address   = {Upper Saddle River},
  edition   = {3},
  isbn      = {978-0-13-604259-4},
}

@Book{sadalage2013nosql,
  author    = {Sadalage, P. J. and Fowler, M.},
  publisher = {Addison-Wesley},
  title     = {{NoSQL} {Distilled}: {A} {Brief} {Guide} to the {Emerging} {World} of {Polyglot} {Persistent}},
  year      = {2013},
  isbn      = {978-0-321-82662-6},
}

@Book{sage2000introduction,
  author    = {Sage, A. P.},
  publisher = {John Wiley \& Sons},
  title     = {Introduction to {Systems} {Engineering}},
  year      = {2000},
}

@Book{saito2010introducao,
  author    = {Saito, J. H.},
  publisher = {EdUFSCar},
  title     = {Introdução à arquitetura e à organização de computadores: síntese do processador {MIPS}},
  year      = {2010},
  address   = {São Carlos, SP},
  isbn      = {978-85-7600-207-9},
  series    = {Coleção {UAB}-{UFSCar}. {Sistemas} de {Informação}},
}

@Book{santos2012metodologia,
  author    = {Santos, J. A. and Parra Filho, D.},
  publisher = {Cengage Learning},
  title     = {Metodologia científica},
  year      = {2012},
  address   = {São Paulo},
  edition   = {2},
  isbn      = {978-85-221-1214-2},
}

@Book{santos1977curso,
  author    = {Santos, V. R.},
  publisher = {LTC},
  title     = {Curso de {Cálculo} {Numérico}},
  year      = {1977},
}

@Book{sarkar2008empreendedor,
  author    = {Sarkar, S.},
  publisher = {Elsevier : Campus},
  title     = {O empreendedor inovador: faça diferente e conquiste seus espaço no mercado},
  year      = {2008},
  address   = {Rio de Janeiro},
  isbn      = {978-85-352-3085-7},
}

@Book{sato1999agenda,
  author    = {Sato, M. and Santos, J. E. dos},
  publisher = {EdUFSCar},
  title     = {Agenda 21: em sinopse},
  year      = {1999},
  address   = {São Carlos, SP},
  isbn      = {85-85173-39-4},
}

@Book{scheinerman2006matematica,
  author    = {Scheinerman, E. R.},
  publisher = {Thomson Learning Edições},
  title     = {Matemática discreta: uma introdução},
  year      = {2006},
  address   = {São Paulo},
  isbn      = {85-221-0291-0},
}

@Book{schildt2003c,
  author    = {Schildt, Herbert},
  publisher = {McGraw Hill},
  title     = {C++: the complete reference},
  year      = {2003},
  address   = {New York},
  edition   = {4},
  isbn      = {0-07-222680-3},
}

@Book{schneier1996applied,
  author    = {Schneier, B.},
  publisher = {John Wiley and Sons},
  title     = {Applied {Cryptography}, {Protocols}, {Algorithms} and {Source} {Code} in {C}},
  year      = {1996},
  annote    = {Reprinted in 2016},
}

@Book{sebesta2003conceitos,
  author     = {Sebesta, R. W.},
  publisher  = {Bookman},
  title      = {Conceitos de linguagens de programação. [{Concepts} of programming languages]},
  year       = {2003},
  address    = {Porto Alegre},
  edition    = {5},
  isbn       = {85-363- 0171-6},
  translator = {Santos, José Carlos Barbosa dos},
}

@Book{sedgewick1998algorithms,
  author    = {Sedgewick, R.},
  publisher = {Addison - Wesley},
  title     = {Algorithms in {C}++, {Parts} 1-4: fundamentals, data structures, sorting, searching},
  year      = {1998},
  address   = {Boston},
  edition   = {3},
}

@Book{sedgewick2001algorithms,
  author    = {Sedgewick, R.},
  publisher = {Addison-Wesley},
  title     = {Algorithms in {C}++, {Part} 5: graph algorithms},
  year      = {2001},
  address   = {Boston},
  edition   = {3},
}

@Book{sedgewick2003algorithms,
  author    = {Sedgewick, R.},
  publisher = {Addison - Wesley},
  title     = {Algorithms in {Java} : parts 1-4 : fundamentals, data structures, sorting, searching},
  year      = {2003},
  address   = {Boston},
  edition   = {3},
}

@Book{sedgewick2011algorithms,
  author    = {Sedgewick, R. and Wayne, K.},
  publisher = {Addison-Wesley},
  title     = {Algorithms},
  year      = {2011},
  address   = {Boston},
  edition   = {4},
}

@Book{sedra2007microeletronica,
  author    = {Sedra, A. S.},
  publisher = {Pearson},
  title     = {Microeletrônica},
  year      = {2007},
  edition   = {5},
}

@Book{seeler2014system,
  author    = {Seeler, K. A.},
  publisher = {Springer},
  title     = {System {Dynamics}: {An} {Introduction} for {Mechanical} {Engineers}},
  year      = {2014},
  isbn      = {1-4614-9151-7},
}

@Book{sfsddeisdb1991formas,
  author  = {{SENADO FEDERAL; SECRETARIA DE DOCUMENTAÇÃO E INFORMAÇÃO; SUBSECRETARIA DE BIBLIOTECA}},
  title   = {Formas e sistemas de governo: bibliografia},
  year    = {1991},
  address = {Brasília},
}

@Book{sennett2000corrosao,
  author    = {SENNETT, R.},
  publisher = {Record},
  title     = {A corrosão do caráter},
  year      = {2000},
  address   = {Rio de Janeiro},
  edition   = {4. ed.},
  isbn      = {85-01-0561-5},
}

@Book{serway2008fisica,
  author    = {SERWAY, R. A. and JEWETT Jr., J. W.},
  publisher = {Cengage Learning},
  title     = {Física: para cientistas e engenheiros},
  year      = {2008},
  address   = {São Paulo},
}

@Book{serway2005principios,
  author    = {SERWAY, R. A. and JEWETT Jr., J. W.},
  publisher = {Editorial Thomson},
  title     = {Princípios de {Física}},
  year      = {2005},
  edition   = {3 ed.},
  volume    = {1, Mecânica},
}

@Book{serway1996fisica,
  author     = {SERWAY, R. A.},
  publisher  = {LTC},
  title      = {Física para cientistas e engenheiros com física moderna. [{Physics} for scientists and engineers with modern physics]},
  year       = {1996},
  address    = {Rio de Janeiro},
  edition    = {3 ed.},
  translator = {Macedo, Horacio},
}

@Book{sethi1996programming,
  author    = {SETHI, R.},
  publisher = {Addison-Wesley},
  title     = {Programming languages: concepts and constructs},
  year      = {1996},
  address   = {Reading},
  edition   = {2 ed.},
  isbn      = {0-201-59065-4},
}

@Book{severino2013desenvolvimento,
  author    = {SEVERINO, T.},
  editor    = {SEVERINO, T.},
  publisher = {Letra e Imagem},
  title     = {Desenvolvimento social integrado: uma análise a partir da produção cultural, da tecnologia da informação e da saúde},
  year      = {2013},
  address   = {Rio de Janeiro},
  isbn      = {978-85-61012-13-7},
}

@Book{shneiderman2009designing,
  author    = {SHNEIDERMAN, B. and PLAISANT, C.},
  publisher = {Pearson Addison-Wesley},
  title     = {Designing the {User} {Interface}: {Strategies} for {Effective} {Human}-{Computer} {Interaction}},
  year      = {2009},
  edition   = {5. ed.},
  isbn      = {978-0-321-53735-5},
}

@Book{shreiner2013opengl,
  author    = {SHREINER, D. et al.},
  publisher = {Addison-Wesley},
  title     = {{OpenGL} {Programming} {Guide}: {The} {Official} {Guide} to {Learning} {OpenGL}, {Version} 4.3},
  year      = {2013},
  edition   = {8. ed.},
}

@Book{siegwart2004introduction,
  author    = {SIEGWART, R. and NOURBAKHSH, I.R.},
  publisher = {The MIT Press},
  title     = {Introduction to {Autonomous} {Mobile} {Robots}},
  year      = {2004},
  isbn      = {0-262-19502-X},
}

@Book{silberschatz2009fundamentos,
  author    = {SILBERSCHATZ, A. and GALVIN, P. B. and Gagne, G.},
  publisher = {LTC},
  title     = {Fundamentos de sistemas operacionais},
  year      = {2009},
  edition   = {Trad. 6. ed.},
}

@Book{silberschatz2012sistema,
  author    = {SILBERSCHATZ, A. and KORTH, Henry F. and SUDARSHAN, S.},
  publisher = {Elsevier},
  title     = {Sistema de bancos de dados},
  year      = {2012},
  address   = {São Paulo},
  edition   = {6. ed.},
  isbn      = {978-85-352-4535-6},
}

@Book{silvafilho2010introducao,
  author    = {SILVA FILHO, A. M.},
  publisher = {Elsevier},
  title     = {Introdução à programação orientada a objetos com {C}++},
  year      = {2010},
}

@Book{silva2010logica,
  author    = {SILVA, F. S. C. and FINGER, M. and MELO, A.C.V.},
  publisher = {Thomson},
  title     = {Lógica para computação},
  year      = {2010},
}

@Book{silva2010redes,
  author    = {SILVA, I. N. da and SPATTI, D. H. and FLAUZINO, R. A.},
  publisher = {Artliber},
  title     = {Redes neurais artificiais: para engenharia e ciências aplicadas},
  year      = {2010},
  address   = {São Paulo},
  isbn      = {978-85-88098-53-4},
}

@Book{silva1988linguagens,
  author    = {SILVA, J. C. G. da and ASSIS, F. S. G. de},
  publisher = {McGraw-Hill do Brasil},
  title     = {Linguagens de programação: conceitos e avaliação; {Fortran}, {C}, {Pascal}, {Modula}-2, {Ada}, {Chill}},
  year      = {1988},
  address   = {São Paulo},
}

@Book{silva2001introducao,
  author    = {SILVA, M. M.},
  publisher = {Fundação Calouste Gulbenkian},
  title     = {Introdução aos circuitos eléctricos e eletrônicos},
  year      = {2001},
  address   = {Lisboa},
  edition   = {2. ed.},
}

@Book{silva2012query,
  author    = {SILVA, M. S. J.},
  publisher = {Novatec},
  title     = {Query {Mobile}: desenvolva aplicações web para dispositivos móveis com {HTML5}, {CSS3}, {AJAX}, {jQuery} e {jQuery} {UI}},
  year      = {2012},
  address   = {São Paulo},
}

@Book{silva2012css3,
  author    = {SILVA, M. S.},
  publisher = {Novatec},
  title     = {{CSS3}: desenvolva aplicações web profissionais com uso dos poderosos recursos de estilização das {CSS3}},
  year      = {2012},
  address   = {São Paulo},
}

@Book{silva2011html,
  author    = {SILVA, M. S.},
  publisher = {Novatec},
  title     = {{HTML} 5: a linguagem de marcação que revolucionou a web},
  year      = {2011},
  address   = {São Paulo},
}

@Book{silveira2012automacao,
  author    = {SILVEIRA, P. R.},
  publisher = {Érica},
  title     = {Automação e controle discreto},
  year      = {2012},
  address   = {São Paulo},
  edition   = {9. ed.},
  isbn      = {978-85-7194-591-3},
}

@Book{sinha1997distributed,
  author    = {SINHA, P. K.},
  publisher = {IEEE Computer Society Press},
  title     = {Distributed operating systems: concepts and design},
  year      = {1997},
  address   = {New York},
}

@Book{sipser2007introducao,
  author    = {SIPSER, M.},
  publisher = {Cengage CTP},
  title     = {Introdução à {Teoria} da {Computação}},
  year      = {2007},
  address   = {São Paulo},
  edition   = {2. ed. norte-americana.},
}

@Book{skiena1998algorithm,
  author    = {SKIENA, S. S.},
  publisher = {Springer-Verlag},
  title     = {The algorithm design manual},
  year      = {1998},
  address   = {New York},
  isbn      = {0-387-94860-0},
}

@Book{skliar1999atualidade,
  author    = {SKLIAR, C.},
  editor    = {SKLIAR, C.},
  publisher = {Mediação},
  title     = {Atualidade da {Educação} {Bilingue} para {Surdos}},
  year      = {1999},
  volume    = {1},
}

@Book{snir1998mpi,
  author    = {SNIR, M. et al.},
  publisher = {MIT Press},
  title     = {{MPI} - {The} {Complete} {Reference}: {The} {MPI} {Core}},
  year      = {1998},
  address   = {Cambridge},
  edition   = {2. ed.},
}

@Book{soliman1998continuous,
  author    = {SOLIMAN, S.S. and SRINATH, M.D.},
  publisher = {Prentice Hall},
  title     = {Continuous and {Discrete} {Signals} {And} {Systems}},
  year      = {1998},
  edition   = {2. ed.},
}

@Book{sommerville2011engenharia,
  author    = {SOMMERVILLE, I.},
  publisher = {Pearson Prentice Hall},
  title     = {Engenharia de software},
  year      = {2011},
  address   = {São Paulo},
  edition   = {9. ed.},
  isbn      = {97885793611081},
}

@Book{souza2009engenharia,
  author = {SOUZA, A. F. and ULBRICH, C. B. L.},
  title  = {Engenharia {Integrada} por computadores e sistemas {CAD}/{CAM}/{CNC} – {Princípios} e aplicações},
  year   = {2009},
}

@Book{souza2008logica,
  author    = {SOUZA, J. N.},
  publisher = {Elsevier},
  title     = {Lógica para ciência da computação: uma introdução concisa},
  year      = {2008},
}

@Book{souza2014algoritmos,
  author    = {SOUZA, M. A. F. de},
  publisher = {Cengage Learning},
  title     = {Algoritmos e lógica de programação: um texto introdutório para engenharia},
  year      = {2014},
  address   = {São Paulo},
  edition   = {2.ed.},
  isbn      = {978-85-221-1129-9},
}

@Book{spence2007information,
  author    = {SPENCE, R.},
  publisher = {Prentice Hall},
  title     = {Information {Visualization}: {Design} for {Interaction}},
  year      = {2007},
  address   = {Upper Saddle River},
  edition   = {2. ed.},
}

@Book{sperandio2003calculo,
  author    = {SPERANDIO, D. et al.},
  publisher = {Pearson/Prentice Hall},
  title     = {Cálculo {Numérico}: características matemáticas e computacionais dos métodos numéricos},
  year      = {2003},
}

@Book{spraul2012think,
  author    = {SPRAUL, V. A.},
  publisher = {No Starch Press},
  title     = {Think like a programmer: an introduction to creative problem solving},
  year      = {2012},
  isbn      = {978-1-59327-424-5},
}

@Book{stajano2002security,
  author    = {STAJANO, F.},
  publisher = {John Wiley \& Sons},
  title     = {Security for ubiquitous computing},
  year      = {2002},
  address   = {Chichester},
  isbn      = {0-470-84493-0},
}

@Book{stallings2012arquitetura,
  author    = {STALLINGS, W.},
  publisher = {Pearson},
  title     = {Arquitetura e organização de computadores},
  year      = {2012},
  address   = {São Paulo},
  edition   = {8. ed.},
  isbn      = {978-85-7605-564-8},
}

@Book{stallings2002arquitetura,
  author    = {STALLINGS, W.},
  publisher = {Prentice Hall},
  title     = {Arquitetura e organização de computadores: projeto para o desempenho},
  year      = {2002},
  address   = {São Paulo},
  edition   = {5. ed.},
  isbn      = {85-87918-53-2},
}

@Book{stallings2007criptografia,
  author    = {STALLINGS, W.},
  publisher = {Editora Pearson},
  title     = {Criptografia e {Segurança} de {Redes}},
  year      = {2007},
}

@Book{stallings2010criptografia,
  author    = {STALLINGS, W.},
  publisher = {Pearson},
  title     = {Criptografia e segurança de redes: princípios e práticas},
  year      = {2010},
  address   = {São Paulo},
  edition   = {4. ed.},
  isbn      = {978-85-7605-119-0},
}

@Book{stallings2000data,
  author    = {STALLINGS, W.},
  publisher = {Prentice Hall},
  title     = {Data and {Computer} {Communications}},
  year      = {2000},
  address   = {Upper Saddle River},
  edition   = {6. ed.},
  isbn      = {0-13-084370-9},
}

@Book{stallings2008operating,
  author    = {STALLINGS, W.},
  publisher = {Prentice Hall},
  title     = {Operating {System}: {Internals} and {Design} {Principles}},
  year      = {2008},
  edition   = {6. ed.},
  isbn      = {0-13-600632-9},
}

@Book{stein2013matematica,
  author    = {STEIN, C. and DRYSDALE, R. L. and BOGART, K.},
  publisher = {Pearson Education do Brasil},
  title     = {Matemática discreta para ciência da computação},
  year      = {2013},
  address   = {São Paulo},
}

@Book{steinbruch2006geometria,
  author    = {STEINBRUCH, A. and WINTERLE, P.},
  publisher = {Pearson Editora},
  title     = {Geometria analítica},
  year      = {2006},
  address   = {São Paulo},
  edition   = {2. ed.},
}

@Book{stevens1999unix,
  author    = {STEVENS, W. R.},
  publisher = {Prentice Hall},
  title     = {Unix {Network} {Programming}: {Networking} {APIs}: {Sockets} and {XTI}},
  year      = {1999},
  address   = {Upper Saddle River},
  edition   = {2. ed.},
}

@Book{stevens1999unixa,
  author    = {STEVENS, W. R.},
  publisher = {Prentice Hall},
  title     = {{UNIX} {Network} {Programming}: {Interprocess} {Communications}},
  year      = {1999},
  address   = {Upper Saddle River},
  edition   = {2. ed.},
}

@Book{stewart2006calculo,
  author    = {STEWART, J.},
  publisher = {Pioneira Thomson Learning},
  title     = {Cálculo},
  year      = {2006},
  address   = {São Paulo},
  edition   = {5. ed.},
  volume    = {1},
}

@Book{stewart2001calculo,
  author    = {STEWART, J.},
  publisher = {Pioneira/Thomson Learning},
  title     = {Cálculo},
  year      = {2001},
  address   = {São Paulo},
  edition   = {4. ed.},
  volume    = {2},
}

@Book{strogatz2001nonlinear,
  author    = {STROGATZ, S.},
  publisher = {Perseus Books Group},
  title     = {Nonlinear {Dynamics} and {Chaos}: {With} {Applications} to {Physics}, {Biology}, {Chemistry}, and {Engineering}, ({Studies} in {Nonlinearity})},
  year      = {2001},
}

@Book{szalapaj2014contemporary,
  author    = {SZALAPAJ, P.},
  publisher = {Routledge},
  title     = {Contemporary {Architecture} and the {Digital} {Design} {Process}},
  year      = {2014},
  address   = {New York},
}

@Book{szeliski2010computer,
  author    = {SZELISKI, R.},
  publisher = {Springer},
  title     = {Computer {Vision}: {Algorithms} and {Applications}},
  year      = {2010},
  address   = {New York},
  url       = {http://szeliski.org/Book/},
}

@Book{szwarcfiter2010estruturas,
  author    = {SZWARCFITER, J. L. and MARKENZON, L.},
  publisher = {LTC},
  title     = {Estruturas de {Dados} e seus {Algoritmos}},
  year      = {2010},
  address   = {Rio de Janeiro},
  edition   = {3. ed.},
}

@Book{san.1999educacao,
  author    = {SÁN., R. L.},
  publisher = {EDUF},
  title     = {Educação de {Surdos}: a caminho do bilingüismo},
  year      = {1999},
}

@Book{taha2008pesquisa,
  author    = {TAHA, H.A.},
  publisher = {Pearson},
  title     = {Pesquisa {Operacional}},
  year      = {2008},
  address   = {São Paulo},
  edition   = {8. ed.},
  isbn      = {978-85-7605-150-3},
}

@Book{tanenbauan1996computer,
  author    = {TANENBAUAN, A.},
  publisher = {Prentice-Hall},
  title     = {Computer {Networks}},
  year      = {1996},
  edition   = {3. ed.},
}

@Book{tanenbaum1995distributed,
  author    = {TANENBAUM, A. S.},
  publisher = {Prentice Hall},
  title     = {Distributed operating systems},
  year      = {1995},
}

@Book{tanenbaum2007sistemas,
  author    = {TANENBAUM, A. S. and STEEN, M. V.},
  publisher = {Pearson Prentice Hall},
  title     = {Sistemas distribuídos: princípios e paradigmas},
  year      = {2007},
  address   = {São Paulo},
  edition   = {2. ed.},
}

@Book{tanenbaum2008sistemas,
  author    = {TANENBAUM, A.S.},
  publisher = {Pearson Prentice Hall},
  title     = {Sistemas {Operacionais} {Modernos}},
  year      = {2008},
  edition   = {2. ed.},
}

@Book{tanenbaum2009operating,
  author    = {TANENBAUM, A. S. and WOODHULL, A.S.},
  publisher = {Pearson Prentice Hall},
  title     = {Operating systems: design and implementation},
  year      = {2009},
  edition   = {3 ed.},
}

@Book{tekalp2015digital,
  author    = {TEKALP, A. M.},
  publisher = {Prentice Hall Press},
  title     = {Digital {Video} {Processing}},
  year      = {2015},
  address   = {Upper Saddle River},
}

@Book{tel2000introduction,
  author    = {Tel, G.},
  publisher = {Cambridge University Press},
  title     = {Introduction to distributed algorithms},
  year      = {2000},
  edition   = {2. ed.},
}

@Book{telea2007data,
  author    = {TELEA, A.},
  publisher = {A.K. Peters},
  title     = {Data {Visualization}: {Principles} and {Practice}},
  year      = {2007},
  address   = {Natick},
}

@Book{tenenbaum2009estruturas,
  author    = {TENENBAUM, A. M. and LANGSAM, Y. and AUGENSTEIN, M. J.},
  publisher = {Pearson Makron Books},
  title     = {Estruturas de dados usando {C}},
  year      = {2009},
  address   = {São Paulo},
}

@Book{teruel2012html,
  author    = {TERUEL, E. C.},
  publisher = {Erica},
  title     = {{HTML} 5},
  year      = {2012},
  address   = {São Paulo},
}

@Book{thoma2004invencao,
  author    = {THOMA, A. and LOPES, M.},
  publisher = {EDUNISC},
  title     = {A invenção da surdez: cultura, alteridade, identidade e diferença no campo da educação},
  year      = {2004},
  address   = {Santa Cruz do Sul},
}

@Book{thomas2003calculo,
  author    = {THOMAS, G. B. et al.},
  publisher = {Addison Wesley},
  title     = {Cálculo},
  year      = {2003},
  edition   = {10. ed.},
  volume    = {2},
}

@Book{thrun2005probabilistic,
  author    = {THRUN, S. and BURGARD, W. and FOX, D.},
  publisher = {The MIT Press},
  title     = {Probabilistic {Robotics}},
  year      = {2005},
  isbn      = {0-262-20162-3},
}

@Book{tillman2018professionals,
  author    = {TILLMAN, F. A. and CASSONE, D. T.},
  publisher = {Pioneering Partnerships LLC},
  title     = {A {Professional}'s {Guide} to {Problem} {Solving} with {Decision} {Science}},
  year      = {2018},
  isbn      = {978-0-9997671-1-5},
}

@Book{tipler2008fisica,
  author    = {TIPLER, P. A. and MOSCA, G.},
  publisher = {GEN/LTC},
  title     = {Física para cientista e engenheiros},
  year      = {2008},
  edition   = {6. ed.},
  volume    = {1, Mecânica},
}

@Book{tipler2006fisica,
  author    = {TIPLER, P. A. and MOSCA, G.},
  publisher = {Editora LTC},
  title     = {Física para cientistas e engenheiros},
  year      = {2006},
  address   = {Rio de Janeiro},
  edition   = {5. ed.},
}

@Book{tipler2000fisica,
  author     = {TIPLER, P. A.},
  publisher  = {LTC},
  title      = {Física para cientistas e engenheiros. [{Physics} for scientists and engineers]},
  year       = {2000},
  address    = {Rio de Janeiro},
  edition    = {4 ed.},
  volume     = {2},
  translator = {Macedo, Horacio},
}

@Book{tocci2011sistemas,
  author    = {TOCCI, R. J. and WIDMER, N. S. and MOSS, G. L.},
  publisher = {Pearson Prentice Hall},
  title     = {Sistemas digitais: princípios e aplicações},
  year      = {2011},
  address   = {São Paulo},
  edition   = {11. ed.},
  isbn      = {978-85-7605-922-6},
}

@Book{tooley2007circuitos,
  author    = {TOOLEY, M.},
  publisher = {Elsevier},
  title     = {Circuitos eletrônicos: fundamentos e aplicações},
  year      = {2007},
  address   = {Rio de Janeiro},
}

@Book{triola1999introducao,
  author    = {TRIOLA, M. F.},
  publisher = {Editora LTC},
  title     = {Introdução à estatística},
  year      = {1999},
  address   = {Rio de Janeiro},
  edition   = {7. ed.},
}

@Book{tullis2008measuring,
  author    = {TULLIS, T. and ALBERT, B.},
  publisher = {Elsevier},
  title     = {Measuring the user experience: collecting, analyzing, and presenting usability metrics},
  year      = {2008},
  address   = {Burlington},
  isbn      = {978-0-12-373558-4},
  series    = {The {Morgan} {Kaufmann} {Series} in {Interactive} {Technologies}},
}

@Book{vahid2002embedded,
  author    = {VAHID, F. and GIVARGIS, T.},
  publisher = {Wiley},
  title     = {Embedded {System} {Design}: {A} {Unified} {Hardware}/{Software} {Introduction}},
  year      = {2002},
}

@Book{valerionetto2006gestao,
  author    = {VALERIO NETTO, A.},
  publisher = {Minha editora},
  title     = {Gestão das pequenas e médias empresas de base tecnológica},
  year      = {2006},
  address   = {Barueri},
  isbn      = {85-98416-31-2},
}

@Book{vvnneletronica,
  author     = {{VAN VALKENBURGH Nooger \& Neville, Inc.}},
  publisher  = {Freitas Bastos},
  title      = {Eletrônica básica},
  address    = {Rio de Janeiro},
  edition    = {4 ed.},
  translator = {Waeny, J. C. C.},
}

@Book{vanderplas2016python,
  author    = {VANDERPLAS, J.},
  publisher = {O'Reilly Media},
  title     = {Python {Data} {Science} {Handbook}: {Essential} {Tools} for {Working} with {Data}},
  year      = {2016},
  address   = {Sebastopol},
}

@Book{vasconceloslibras,
  author    = {VASCONCELOS, S.P and SANTOS, F da S and SOUZA, G.R.},
  publisher = {Ministério da Justiça/ Secretaria de Estado dos Direitos Humanos CORDE},
  title     = {{LIBRAS}: {Língua} de {Sinais}. {Nível} 1- {AJA}- {Brasília}: {Programa} {Nacional} de {Direitos} {Humanos}},
}

@Book{velho2008fundamentos,
  author    = {VELHO, L. and GOMES, J. M.},
  publisher = {IMPA},
  title     = {Fundamentos da {Computação} {Gráfica}},
  year      = {2008},
  address   = {Rio de Janeiro},
}

@Book{vernadat1996enterprise,
  author    = {VERNADAT, F.B.},
  publisher = {Chapman \& Hall},
  title     = {Enterprise {Modeling} and {Integration}: {Principles} and {Applications}},
  year      = {1996},
  address   = {London},
}

@Book{vesentini1994geografia,
  author    = {VESENTINI, J. W. and VLACH, V. R. F.},
  publisher = {Atica},
  title     = {Geografia crítica: geografia do mundo industrializado},
  year      = {1994},
  address   = {São Paulo},
  edition   = {5. ed.},
  isbn      = {85-08-04665-0},
}

@Book{vollmann2006manufacturing,
  author    = {VOLLMANN, T.E. and BERRY, W.L. and WHYBARK, D.C.},
  publisher = {McGraw-Hill},
  title     = {Manufacturing {Planning} and {Control} {System}},
  year      = {2006},
  address   = {New York},
}

@Book{volpato2010bases,
  author    = {VOLPATO, G. L.},
  publisher = {Cultura Acadêmica},
  title     = {Bases teóricas para redação científica: ... por que seu artigo foi negado?},
  year      = {2010},
  address   = {São Paulo},
  isbn      = {978-85-98605-15-9},
}

@Book{vuolo1996fundamentos,
  author    = {VUOLO, J. H.},
  publisher = {Editora Edgard Blücher LTDA},
  title     = {Fundamentos da {Teoria} de {Erros}},
  year      = {1996},
  address   = {São Paulo, SP},
  edition   = {2. ed.},
}

@Book{wakerly2006digital,
  author    = {WAKERLY, John F.},
  publisher = {Pearson Prentice Hall},
  title     = {Digital design: principles and practices},
  year      = {2006},
  address   = {Upper Saddle River},
  edition   = {4. ed.},
  isbn      = {0-13-186389-4},
}

@Book{walpole2009probabilidade,
  author    = {WALPOLE, R. E. and MYERS, R. H. and MYERS, S. L. and YE, K.},
  publisher = {Pearson Prentice Hall},
  title     = {Probabilidade e estatística para engenharia e ciências},
  year      = {2009},
  address   = {São Paulo},
  edition   = {8. ed.},
}

@Book{walpole2009prob,
  author    = {WALPOLE, W.E. and MYERS, R.H. and MYERS, S.L. and YE, K.},
  publisher = {Pearson Prentice-Hall},
  title     = {Prob. e {Est}. para {Engenharia} e {Ciências}},
  year      = {2009},
  address   = {São Paulo},
}

@Book{ward2010interactive,
  author    = {WARD, M. O. and GRINSTEIN, G. and KELM, D.},
  publisher = {A.K. Peters},
  title     = {Interactive {Data} {Visualization}},
  year      = {2010},
  address   = {Natick},
}

@Book{ware2012information,
  author    = {WARE, C.},
  publisher = {Elsevier},
  title     = {Information {Visualization}},
  year      = {2012},
  address   = {Amsterdam},
  edition   = {3. ed.},
}

@Book{wazlawick2009metodologia,
  author    = {WAZLAWICK, R. S.},
  publisher = {Elsevier},
  title     = {Metodologia de pesquisa para ciência da computação},
  year      = {2009},
  address   = {Rio de Janeiro},
}

@Book{wei2017modeling,
  author    = {WEI, X.},
  publisher = {CRC Press},
  title     = {Modeling and {Design} of {Electromagnetic} {Compatibility} for {High}-{Speed} {Printed} {Circuit} {Boards} and {Packaging}},
  year      = {2017},
}

@Book{wellstead1979introduction,
  author    = {WELLSTEAD, P.E.},
  publisher = {Academic Press},
  title     = {Introduction to physical system modeling},
  year      = {1979},
  address   = {New York},
}

@Book{west2007use,
  author    = {WEST, D.},
  publisher = {Alta Books},
  title     = {Use a {Cabeça}! {Análise} \& {Projeto} {Orientado} ao {Objeto}},
  year      = {2007},
  address   = {Rio de Janeiro},
  isbn      = {978-85-7608-145-6},
}

@Book{white2012hadoop,
  author    = {WHITE, T.},
  publisher = {O'Reilly Media, Inc.},
  title     = {Hadoop: {The} definitive guide},
  year      = {2012},
}

@Book{wick1997desafio,
  author    = {WICK, C. W. and LEÓN, L. S.},
  publisher = {Nobel},
  title     = {O desafio do aprendizado: como fazer sua empresa estar sempre à frente do mercado},
  year      = {1997},
  address   = {São Paulo},
  isbn      = {85-312-0902-3},
}

@Book{wilkinson2005parallel,
  author    = {WILKINSON, B. and ALLEN, M.},
  publisher = {Pearson Prentice Hall},
  title     = {Parallel {Programming}: {Techniques} and {Applications} {Using} {Networked} {Workstations} and {Parallel} {Computers}},
  year      = {2005},
  address   = {Boston},
}

@Book{williamson2011design,
  author    = {WILLIAMSON, D. P. and SHMOYS, D. B.},
  publisher = {Cambridge University Press},
  title     = {The {Design} of {Approximation} {Algorithms}},
  year      = {2011},
}

@Book{williamson2019network,
  author    = {WILLIAMSON, D. P.},
  publisher = {Cambridge University Press},
  title     = {Network {Flow} {Algorithms}},
  year      = {2019},
}

@Book{winston1984lisp,
  author    = {WINSTON, P. H. and HORN, B. K. P.},
  publisher = {Addison-Wesley},
  title     = {{LISP}},
  year      = {1984},
  address   = {Reading},
  edition   = {2 ed.},
  isbn      = {0-201-08372-8},
}

@Book{winterle2000vetores,
  author    = {WINTERLE, P.},
  publisher = {Makron Books},
  title     = {Vetores e geometria analítica},
  year      = {2000},
}

@Book{wisner2003inteligencia,
  author    = {WISNER, Alain},
  publisher = {FUNDACENTRO},
  title     = {A inteligência no trabalho: textos selecionados de ergonomia},
  year      = {2003},
  address   = {Sao Paulo},
}

@Book{witten2005data,
  author    = {WITTEN, I. H. and FRANK, E.},
  publisher = {Elsevier},
  title     = {Data mining: practical machine learning tools and techniques},
  year      = {2005},
  address   = {San Francisco},
  edition   = {2. ed.},
  isbn      = {0-12-088407-0},
  series    = {The {Morgan} {Kaufmann} {Series} in {Data} {Management} {Systems}},
}

@Book{wolf2012computers,
  author    = {WOLF, M.},
  publisher = {Elsevier},
  title     = {Computers as {Components}: {Principles} of {Embedded} {Computing} {System} {Design}},
  year      = {2012},
  address   = {Amsterdam},
  edition   = {2. ed.},
}

@Book{wolf2005computers,
  author    = {WOLF, W.},
  publisher = {Morgan Kaufmann},
  title     = {Computers as {Components}: {Principles} of {Embedded} {Computing} {System} {Design}},
  year      = {2005},
  address   = {San Francisco},
  isbn      = {0-12-369459-0},
}

@Book{wolsey1998integer,
  author    = {WOLSEY, L. A.},
  publisher = {John Wiley \& Sons},
  title     = {Integer programming},
  year      = {1998},
  address   = {New York},
}

@Book{woods2006multidimensional,
  author    = {WOODS, J. W.},
  publisher = {Elsevier},
  title     = {Multidimensional {Signal}, {Image}, and {Video} {Processing} and {Coding}},
  year      = {2006},
  address   = {Amsterdam},
}

@Book{woods2008fpga,
  author    = {WOODS, R. and {WILEY INTERSCIENCE}},
  publisher = {John Wiley \& Sons},
  title     = {{FPGA}-based implementation of signal processing systems},
  year      = {2008},
  address   = {Chichester, U.K.},
  isbn      = {978-0-470-71378-5},
}

@Book{worsnop1964curso,
  author    = {WORSNOP, B. L. and FLINT, H. T.},
  publisher = {EUDEBA},
  title     = {Curso {Superior} de {Física} {Práctica} - {Tomo} {I}},
  year      = {1964},
  address   = {Buenos Aires},
}

@Book{wu2005introducao,
  author    = {WU, H. K.},
  publisher = {Edufscar},
  title     = {Introdução ao controle preditivo com {MATLAB}},
  year      = {2005},
  address   = {São Carlos},
  isbn      = {978-85-7600-054-9},
}

@Book{wykes2016criptografia,
  author    = {WYKES, S. M.},
  publisher = {Elsevier},
  title     = {Criptografia {Essencial}, {A} {Jornada} do {Criptógrafo}},
  year      = {2016},
}

@Book{yong1972survery,
  author    = {YONG, D. M. et al.},
  publisher = {Addison Wesley},
  title     = {Survery of {Numerical} {Mathematics}},
  year      = {1972},
}

@Book{young2008fisica,
  author    = {YOUNG, H. D. and FRIEDMAN, R. A.},
  publisher = {Addison Wesley},
  title     = {Física {III}: {Eletromagnetismo}},
  year      = {2008},
  address   = {São Paulo},
  edition   = {12. ed.},
}

@Book{young1973robotics,
  author    = {YOUNG, J. F.},
  publisher = {Butterworths},
  title     = {Robotics},
  year      = {1973},
  address   = {London},
}

@Book{zhang2012ensemble,
  author    = {ZHANG, C. and MA, Y.},
  editor    = {ZHANG, C. and MA, Y.},
  publisher = {Springer Science \& Business Media},
  title     = {Ensemble machine learning: methods and applications},
  year      = {2012},
}

@Book{zill2003equacoes,
  author    = {ZILL, D. G.},
  publisher = {Thomson},
  title     = {Equações {Diferenciais} com {Aplicações} em {Modelagem}},
  year      = {2003},
  address   = {São Paulo},
}

@Book{ziviani2011projeto,
  author    = {ZIVIANI, N.},
  publisher = {Cengage Learning},
  title     = {Projeto de algoritmos: com implementações em {Java} e {C}++},
  year      = {2011},
  address   = {São Paulo},
  edition   = {2. ed.},
}

@Book{ziviani2007projeto,
  author    = {ZIVIANI, N.},
  publisher = {Thomson Learning},
  title     = {Projeto de algoritmos: com implementações em {Java} e {C}++},
  year      = {2007},
  address   = {São Paulo},
}

@Book{ziviani2012projetos,
  author    = {ZIVIANI, N.},
  publisher = {Cengage Learning},
  title     = {Projetos de algoritmos: com implementações em {Pascal} e {C}},
  year      = {2012},
  address   = {São Paulo},
  edition   = {3. ed. rev. e ampl.},
}

@Book{coletivo2006alfabetizacao,
  author    = {{Coletivo}},
  publisher = {Cultrix},
  title     = {{ALFABETIZAÇÃO} ecológica: a educação das crianças para um mundo sustentável},
  year      = {2006},
  address   = {São Paulo},
  isbn      = {978-85-316-0960-2},
}

@Book{coletivo2008matriz,
  author    = {{Coletivo}},
  publisher = {Selo Negro},
  title     = {A matriz africana no mundo},
  year      = {2008},
  address   = {São Paulo},
  isbn      = {978-85-87478-32-0},
  series    = {Sankofa {Matrizes} {Africanas} da {Cultura} {Brasileira} 1},
}

@Book{coletivo2001livro,
  author    = {{Coletivo}},
  publisher = {MEC:SEESP},
  title     = {Livro do professor instrutor: {Brasília}: {Programa} {Nacional} de {Apoio} à {Educação} dos {Surdos}},
  year      = {2001},
}

@Misc{oraclejava,
  author = {{Oracle}},
  title  = {Java {Platform} {Enterprise} {Edition}: {The} {Java} {EE} {Tutorial}},
  url    = {https://docs.oracle.com/javaee/},
}

@Book{coletivo2001systems,
  author    = {{Coletivo}},
  publisher = {The Defense acquisition University Press},
  title     = {Systems {Engineering} {Fundamentals}},
  year      = {2001},
  address   = {Fort BElvoir Virginia},
}

@Misc{coletivo7,
  author  = {{Coletivo}},
  title   = {7 {Steps} to {Mastering} {Data} {Preparation} with {Python}},
  url     = {https://www.kdnuggets.com/2017/06/7-steps-mastering-data-preparation-python.html},
  urldate = {2024-06-06},
}

@Book{coletivo1985cnc,
  author    = {{Coletivo}},
  publisher = {IFAO, Ed.Munchen Hanser},
  title     = {{CNC}-{Training} for planning and shop {Institut} fur {Angewandte} {Organisationsforschung}},
  year      = {1985},
}

@Book{aurum2006engineering,
  author    = {AURUM, Aybüke and WOHLIN, C.},
  editor    = {AURUM, Aybüke and WOHLIN, C.},
  publisher = {Springer},
  title     = {{ENGINEERING} and managing software requirements},
  year      = {2006},
  address   = {Berlin},
  isbn      = {3-540-25043-3},
  series    = {Institute for nonlinear science},
}

@Book{coletivo2003scientific,
  author    = {{Coletivo}},
  publisher = {Routledge},
  title     = {{SCIENTIFIC} authorship: credit and intellectual property in science},
  year      = {2003},
  address   = {New York},
  isbn      = {0-415-94293-4},
}

@Book{coletivo2001capability,
  author    = {{Coletivo}},
  publisher = {Addison-Wesley},
  title     = {{THE} {CAPABILITY} maturity model: guidelines for improving the software process},
  year      = {2001},
  address   = {Boston},
  isbn      = {0-201-54664-7},
  series    = {The {SEI} {Series} in {Software} {Engineering}},
}

@Misc{coletivocontinuous,
  author  = {{Coletivo}},
  title   = {Continuous {Delivery}},
  url     = {https://continuousdelivery.com/},
  urldate = {2018-04-23},
}

@Book{coletivo2000analysis,
  author    = {{Coletivo}},
  publisher = {Springer},
  title     = {{ANALYSIS} of symbolic data: exploratory methods for extracting statistical information from complex data},
  year      = {2000},
  address   = {New York},
  isbn      = {3-540-66619-2},
  series    = {Studies in {Classification}, {Data} {Analysis}, and {Knowledge} {Organization}},
}

@Misc{coletivow3schools,
  author = {{Coletivo}},
  title  = {W3schools},
  url    = {https://www.w3schools.com/},
}

@Book{avila2006calculo,
  author    = {ÁVILA, G. S. S.},
  publisher = {LTC Editora},
  title     = {Cálculo das funções de múltiplas variáveis},
  year      = {2006},
  address   = {Rio de Janeiro},
  edition   = {7. ed.},
  volume    = {3},
}

@Book{avila1981calculo,
  author    = {ÁVILA, G. S. S.},
  publisher = {Livros Técnicos e Científicos},
  title     = {Cálculo: funções de várias variáveis},
  year      = {1981},
  address   = {Rio de Janeiro},
  edition   = {3. ed.},
  volume    = {3},
}

@Book{avila1994calculo,
  author    = {ÁVILA, G. S. S.},
  publisher = {Livros Técnicos e Científicos},
  title     = {Cálculo: funções de uma variável},
  year      = {1994},
  address   = {Rio de Janeiro},
  edition   = {6. ed.},
  volume    = {1},
}

@Book{deitel2005java,
  author    = {Deitel, H. and Deitel, P.},
  publisher = {Prentice Hall},
  title     = {Java: como programar},
  year      = {2005},
  address   = {São Paulo},
  edition   = {8},
}

@Book{deitel2010java,
  author    = {Deitel, H. M. and Deitel, P. J.},
  publisher = {Bookman},
  title     = {Java: como programar},
  year      = {2010},
  address   = {São Paulo},
  edition   = {8},
}

@Book{guidorizzi2001cursoa,
  author    = {Guidorizzi, H. L.},
  publisher = {Livros Técnicos e Científicos},
  title     = {Um curso de cálculo - {Vol}. 1},
  year      = {2001},
  address   = {Rio de Janeiro},
  edition   = {5},
  volume    = {1},
}

@Book{guidorizzi2004curso,
  author    = {Guidorizzi, H. L.},
  publisher = {Livros Técnicos e Científicos},
  title     = {Um curso de cálculo - {Vol}. 2},
  year      = {2004},
  address   = {Rio de Janeiro},
  volume    = {2},
}

@Book{guidorizzi2002curso,
  author    = {Guidorizzi, H. L.},
  publisher = {Livros Técnicos e Científicos Editora},
  title     = {Um curso de {Cálculo} - {Vol}. 3},
  year      = {2002},
  address   = {Rio de Janeiro},
  edition   = {5},
  volume    = {3},
}

@Book{guidorizzi2001curso,
  author    = {Guidorizzi, L. H.},
  publisher = {LTC},
  title     = {Um {Curso} de {Cálculo} - {Vol}. 4},
  year      = {2001},
  volume    = {4},
}

@Book{halliday2001fundamentos,
  author    = {Halliday, David and Resnick, Robert and Walker, Jearl},
  publisher = {LTC},
  title     = {Fundamentos da {Física}: gravitação, ondas e termodinâmica (vol. 2)},
  year      = {2001},
}

@Book{halliday2003fundamentos,
  author    = {Halliday, D. and Resnick, R. and Walker, J.},
  publisher = {LTC},
  title     = {Fundamentos da {Física}},
  year      = {2003},
  address   = {Rio de Janeiro},
  edition   = {6},
}

@Book{knuth1997art,
  author    = {Knuth, D. E.},
  publisher = {Addison-Wesley},
  title     = {The {Art} of {Computer} {Programming}},
  year      = {1997},
  address   = {Reading},
  edition   = {3},
  isbn      = {0-201-89683-4},
}

@Book{knuth1973art,
  author    = {Knuth, D. E.},
  publisher = {Addison-Wesley},
  title     = {The {Art} of {Computer} {Programming}},
  year      = {1973},
  address   = {Boston},
  volume    = {1 e 3},
}

@Book{lipschutz1973algebra,
  author    = {Lipschutz, S.},
  publisher = {McGraw-Hill do Brasil},
  title     = {Álgebra linear},
  year      = {1973},
  address   = {São Paulo},
}

@Book{lipschutz1994algebra,
  author    = {Lipschutz, S.},
  publisher = {McGraw-Hill},
  title     = {Álgebra linear: teoria e problemas},
  year      = {1994},
}

@Book{pedroni2010eletronicaa,
  author    = {Pedroni, V. A.},
  publisher = {Campus},
  title     = {Eletrônica {Digital} {Moderna} e {VHDL}},
  year      = {2010},
}

@Book{pedroni2010eletronica,
  author    = {Pedroni, V. A.},
  publisher = {Elsevier},
  title     = {Eletrônica digital moderna e {VHDL}: princípios digitais, eletrônica digital, projeto digital, microeletrônica e {VHDL}},
  year      = {2010},
  address   = {Rio de Janeiro},
  isbn      = {978-85-352-3465-7},
}

@Book{swokowski1994calculo,
  author    = {SWOKOWSKI, E. W.},
  publisher = {McGraw-Hill do Brasil},
  title     = {Cálculo com geometria analítica},
  year      = {1994},
  address   = {São Paulo},
  edition   = {2. ed.},
  volume    = {1},
}

@Book{swokowski1991calculo,
  author    = {SWOKOWSKI, E. W.},
  publisher = {Markron Books},
  title     = {Cálculo com geometria analítica},
  year      = {1991},
  edition   = {2. ed.},
  volume    = {2},
}

@Book{vazirani2003approximation,
  author = {VAZIRANI, V. V.},
  title  = {Approximation {Algorithms}},
  year   = {2003},
}

@Book{vazirani2001approximation,
  author    = {VAZIRANI, V. V.},
  publisher = {Springer},
  title     = {Approximation {Algorithms}},
  year      = {2001},
  address   = {Berlin},
}

@Comment{jabref-meta: databaseType:bibtex;}